1958 3239
294 216 346 256 62
922 223 1012 255 PLA
1024 222 1111 254 VTI
1381 211 1445 266 [rv
1465 211 1502 252 2.
1527 209 1750 253 102-11'7

293 319 374 360 HE.
407 320 499 360 Iam
513 319 620 373 †diu
635 323 651 361 2

540 388 614 428 ER.
647 390 710 441 Νὴ
730 391 801 429 τὰν
821 389 1078 440 Πραινέστην.

981 454 1062 494 ΗΕ.
1092 451 1254 494 Venit?

1175 520 1248 560 ER.
1281 521 1345 572 Νὴ
1366 522 1437 560 τὰν
1458 521 1626 573 Σιγνίαν.

295 577 377 618 ΗΕ.
409 577 595 619 Certon?

523 645 596 685 ER.
630 647 693 698 Νὴ
714 649 784 687 τὰν
805 647 1061 697 Φρουσινῶνα.

980 711 1063 751 ΗΕ.
1094 709 1205 751 Vide
1226 709 1293 750 sis.

1213 777 1287 816 ER.
1319 778 1383 829 Νὴ
1404 779 1476 817 τὰν
1494 777 1716 828 Ἀλάτριον.

297 845 377 885 ΗΕ.
411 845 524 894 Quid
544 848 593 884 tu
613 858 688 897 per
706 843 942 885 barbaricas
964 844 1080 884 urbis
1100 843 1214 884 iuras
1231 846 1246 883 2

1093 911 1170 950 ER.
1201 910 1311 959 Quia
1332 909 1447 951 enim
1467 909 1571 950 item
1591 908 1763 962 asperae

411 977 532 1027 Sunt,
551 983 601 1018 ub
621 982 739 1018 tuom
760 978 924 1018 uictum
944 976 1194 1018 autumabas
1216 977 1317 1018 e'sse.

1183 1045 1264 1084 ΗΕ.
1285 1045 1377 1085 Vae
1398 1044 1527 1085 aetati
1547 1049 1655 1085 tuae.
1679 1043 1760 1084 105

296 1113 370 1152 ER.
414 1112 580 1165 Quippe
602 1112 770 1165 quando
791 1111 898 1152 mihi
917 1112 982 1152 nil
1003 1112 1148 1160 credis,
1169 1110 1283 1165 qu6d
1305 1125 1379 1165 ego
1401 1112 1493 1152 dico
1514 1111 1670 1152 sedulo.

412 1178 493 1219 Sed
515 1179 754 1233 Stalagmus
775 1179 926 1232 quoius
946 1184 1034 1220 erat
1055 1184 1157 1219 tune
1173 1179 1369 1228 nationis,
1386 1192 1515 1232 quom
1530 1178 1630 1219 hinc
1645 1178 1764 1218 abit?

297 1247 380 1286 ΗΕ.
411 1246 588 1287 Siculus.

468 1314 542 1354 ER.
574 1313 635 1353 At
655 1327 769 1354 nunc
798 1313 965 1354 Siculus
986 1327 1072 1354 non
1093 1318 1179 1354 est:
1211 1311 1340 1354 B6ius
1364 1317 1449 1354 est:
1479 1312 1620 1353 boiam
1639 1312 1765 1353 terii:

412 1381 656 1421 Liberorum
677 1380 1017 1433 quaerundorum
1039 1380 1164 1421 eausa
1185 1381 1225 1421 ei
1246 1381 1368 1421 eredo
1389 1379 1495 1421 uxdr
1515 1380 1665 1420 datast.

197 1451 281 1491 890
298 1448 379 1488 ΗΕ.
412 1448 506 1496 Die,
526 1448 666 1488 bonan
686 1447 767 1489 fide
789 1453 837 1488 tu
857 1448 918 1488 mi
938 1448 1068 1488 istaec
1089 1447 1220 1488 uerba
1241 1448 1388 1488 dixisti
1405 1450 1419 1487 2

1352 1516 1426 1555 ER.
1459 1515 1589 1555 Bona.
1683 1514 1765 1554 110

297 1582 380 1623 HE.
411 1582 470 1621 Di
490 1582 746 1630 inmortales,
767 1582 920 1623 iterum
941 1587 1067 1623 natus
1088 1582 1243 1631 uideor,
1265 1583 1302 1623 si
1321 1596 1422 1623 uera
1442 1580 1647 1622 autumas.

297 1649 372 1689 ER.
417 1649 499 1689 Ain
519 1651 598 1690 tu?
629 1649 807 1690 dubium
832 1649 1007 1691 habe'bis
1036 1649 1176 1698 etiam,
1205 1649 1350 1690 sancte
1379 1663 1509 1702 quom
1537 1662 1611 1703 ego
1632 1647 1768 1689 iurem

1158 1717 1238 1757 tibi
1253 1719 1268 1757 2

413 1781 642 1832 Pdstremo,
664 1782 813 1838 Hegid,
835 1784 872 1825 si
892 1797 1024 1837 parua
1044 1783 1126 1824 iuri
1145 1782 1365 1825 iuranddst
1385 1784 1500 1833 fideS,

413 1851 517 1891 Vise
538 1851 591 1891 ad
611 1856 792 1904 portum.

545 1918 626 1958 HE.
659 1918 813 1959 Facere
835 1923 1061 1959 certumst:
1091 1924 1140 1959 tu
1160 1919 1277 1960 intus
1299 1933 1398 1960 eura
1419 1917 1532 1972 qudd
1553 1931 1658 1972 opus
1679 1922 1768 1959 est:

414 1984 553 2033 Sume,
574 1999 708 2038 posce,
730 1984 873 2038 prdme
895 1986 1089 2038 quiduis:
1120 1986 1160 2027 te'
1184 1987 1291 2027 facio
1313 1986 1540 2027 cellarium.
1687 1986 1767 2025 115

298 2053 373 2093 ER.
415 2052 527 2092 Nam
548 2053 687 2093 hercle
710 2053 792 2093 nisi
813 2053 1137 2094 mantiscinatus
1158 2052 1287 2106 prdbe
1309 2067 1389 2102 ero,
1410 2054 1515 2094 susti
1535 2052 1704 2107 pectito.

300 2119 381 2160 HE.
413 2119 646 2160 Aeternum
666 2120 745 2160 tibi
767 2120 975 2173 dapinabo
996 2121 1171 2169 uictum,
1193 2121 1228 2161 si
1249 2134 1349 2162 uera
1371 2120 1576 2161 autumas.

348 2244 415 2275 102
445 2242 536 2275 PAR.
564 2241 643 2275 Iam
667 2241 731 2275 diu
756 2242 791 2275 J.
983 2242 1074 2276 Ena.
1102 2245 1225 2275 notam
1251 2244 1454 2286 prenestem
1478 2240 1521 2283 B,
1551 2239 1618 2274 EG.
1646 2239 1768 2274 Netan

299 2301 501 2341 prenestem
527 2297 564 2331 J.
776 2296 867 2330 PAR.
896 2295 1008 2330 Venit
1033 2297 1070 2331 J.
1278 2295 1370 2329 ERG.
1405 2299 1515 2329 natan
1540 2295 1700 2340 signeam
1724 2295 1768 2338 B,

300 2351 366 2384 EG.
395 2351 515 2384 Netan
542 2351 701 2395 signeam
726 2351 763 2385 J.
981 2353 1046 2385 103
1072 2350 1205 2384 Certon
1230 2355 1339 2384 notan
1365 2350 1480 2383 frusi?
1516 2360 1590 2383 non
1615 2353 1669 2383 est
1693 2360 1769 2382 con-

301 2405 418 2438 tinued
437 2408 468 2438 to
487 2405 551 2438 last
568 2405 702 2449 speaker
726 2405 764 2447 J,
804 2404 895 2438 ERG.
924 2409 1045 2438 notaui
1072 2404 1297 2439 frusinonem
1314 2405 1354 2438 Β.
1408 2403 1498 2437 PAR.
1518 2402 1612 2437 Vide
1631 2403 1680 2437 sis
1700 2402 1768 2436 EG.

298 2465 407 2493 notan
425 2459 595 2493 alatrium
613 2459 652 2501 J,
679 2459 771 2492 ERG.
791 2464 912 2492 netam
930 2458 1102 2492 alatrium
1126 2459 1168 2492 Β.
1268 2461 1334 2492 104
1360 2458 1450 2491 PAR.
1479 2457 1576 2499 Quid
1593 2457 1631 2491 J.
1706 2467 1770 2502 per

300 2525 364 2546 om.
382 2514 418 2546 J.
541 2513 606 2547 EG.
635 2512 729 2555 Quia
745 2513 783 2547 J.
977 2516 1041 2546 105
1069 2512 1158 2546 PAR.
1188 2512 1242 2546 Ve
1259 2512 1368 2546 aetati
1386 2517 1468 2545 tuae
1487 2511 1630 2556 Quippe
1647 2514 1704 2544 etc.
1731 2510 1767 2543 J.

303 2569 367 2600 106
392 2567 507 2600 nichil
524 2568 562 2601 J.
662 2569 726 2601 107
752 2578 824 2611 quo
839 2566 895 2600 uis
920 2566 962 2607 Β,
981 2567 1082 2600 cuius
1099 2567 1136 2601 J.
1215 2577 1312 2600 nune
1330 2566 1367 2600 J.
1441 2577 1523 2599 cum
1541 2565 1600 2598 hic
1618 2564 1709 2598 abiit
1727 2564 1769 2606 B,

300 2632 381 2654 cum
399 2621 483 2655 hinc
501 2621 591 2655 abiit
609 2621 646 2655 J.
752 2624 817 2654 108
844 2621 915 2654 HE.
945 2621 984 2653 Si
1002 2621 1104 2654 cuius
1129 2620 1220 2654 ΕΚΘ.
1242 2620 1286 2654 Et
1306 2631 1401 2653 nunc
1420 2620 1449 2653 si
1467 2619 1570 2653 cuius
1588 2619 1629 2662 B,
1656 2618 1770 2652 Cuius

301 2679 335 2707 et
361 2686 456 2709 nuuc
481 2675 682 2719 (continued
709 2679 740 2709 to
766 2675 830 2709 last
855 2674 1001 2719 speaker)
1035 2675 1124 2708 PAR.
1153 2674 1297 2708 Sicuius
1323 2685 1419 2707 nunc
1445 2678 1496 2707 est
1521 2673 1627 2707 bolus
1652 2677 1705 2706 est
1729 2671 1767 2707 J.

329 2730 369 2762 10
395 2729 503 2763 michi
523 2729 564 2763 J.
688 2733 746 2763 11]
783 2730 840 2763 Dii
860 2729 901 2763 «Ι.
998 2735 1128 2773 gnatus
1151 2729 1190 2763 J.
1288 2729 1405 2761 sium-a
1431 2728 1469 2761 Jss.
1595 2730 1660 2761 112
1685 2738 1770 2761 cum

316 2794 415 2816 uren)
442 2785 479 2817 J.
580 2788 643 2818 115
669 2784 755 2829 quid
776 2784 832 2817 uis
856 2784 893 2817 J.
996 2785 1060 2816 116
1086 2783 1267 2816 emnium-«l
1287 2788 1317 2815 Μ
1336 2783 1400 2815 lust
1419 2782 1553 2827 ψαύσει·
1569 2783 1606 2817 J.
1681 2781 1767 2815 hero

318 2837 402 2870 uisti
427 2838 463 2872 J.
566 2841 628 2872 117
647 2839 828 2873 continued
848 2838 877 2872 lo
896 2839 960 2872 last
979 2838 1112 2883 speaker
1129 2838 1165 2872 J.
1264 2843 1458 2871 autumnas
1482 2837 1520 2872 J.
