1958 3239
219 736 301 777 140

216 1480 298 1520 150

318 238 375 278 28
963 244 1055 277 PLA
1067 245 1153 278 νη
1505 237 1539 290 [1
1560 238 1594 278 2.
1619 236 1788 280 27—48

433 343 585 396 Neque
605 341 809 395 umquam
830 341 1057 395 quicquam
1078 341 1144 382 me'
1166 341 1288 382 iuuat
1308 341 1420 395 quod
1441 341 1519 383 edu
1540 343 1678 384 domi:

433 411 551 451 Foris
572 409 892 463 aliquantillum
914 409 1043 451 etiam
1063 409 1177 463 quod
1197 414 1321 464 gusto
1342 410 1386 451 1'd
1406 411 1514 452 beat.

319 478 402 519 HE.
433 477 632 532 Ergasile‚
654 477 783 519 salue.

720 545 795 585 ER.
826 544 886 585 Di'
906 548 948 586 te
968 545 1076 585 bene
1097 548 1252 594 ament,
1275 544 1424 599 Hegio.

320 603 401 643 ΗΕ.
434 602 502 643 Ne
522 601 584 642 fle.

546 670 620 710 ER.
652 670 796 723 Egone
817 668 941 708 illum
961 666 1047 709 nun
1067 668 1221 709 fleam?
1252 682 1326 723 ego
1348 683 1434 710 non
1455 669 1632 712 defleam
1734 673 1788 713 30

434 737 578 777 Talem
599 736 946 777 adulescentem?

895 803 976 842 HE.
1009 801 1184 855 Semper
1205 804 1319 844 sensi
1340 804 1431 845 filio

432 871 532 911 Meo
554 870 595 911 te
616 883 706 911 esse
727 870 912 910 amicum
933 874 974 910 et
995 869 1120 909 illum
1141 870 1336 911 intellexi
1355 872 1444 913 tibi.

317 939 390 979 ER.
433 938 539 978 Tum
562 937 744 990 denique
763 937 958 977 homines
979 935 1123 978 nustra
1143 937 1430 992 intellegimus
1452 940 1572 990 bona,

433 1006 571 1055 Quom
592 1019 699 1058 quae
720 1005 766 1045 1'n
786 1009 995 1058 potestate
1015 1004 1242 1046 habuimus
1263 1020 1312 1047 ea
1332 1007 1563 1050 amisimus.

431 1075 531 1128 Ego,
551 1071 777 1126 pustquam
797 1077 951 1126 gnatus
972 1071 1068 1114 tuos
1088 1073 1272 1126 potitust
1291 1073 1492 1125 hustium,
1735 1079 1788 1120 35

432 1141 644 1194 Expertus
666 1141 816 1194 quanti
837 1139 977 1189 fuerit,
999 1154 1114 1182 nunc
1135 1141 1333 1183 desidero.

317 1210 398 1250 HE.
431 1208 607 1250 Alienus
629 1222 756 1262 quom
779 1208 870 1249 eius
891 1207 1208 1249 incommodum
1228 1215 1317 1250 tam
1337 1211 1456 1265 aegie
1478 1213 1598 1262 feras,

434 1277 549 1326 Quid
569 1275 633 1317 me
655 1281 820 1329 patrem
840 1290 916 1330 par
936 1276 1123 1325 facerest,
1147 1278 1247 1331 quoi
1267 1278 1383 1319 illest
1404 1279 1554 1322 unicus
1571 1284 1585 1322 2

316 1346 391 1385 ER.
433 1343 613 1385 Alienus
635 1346 741 1398 ego?
771 1343 936 1384 alie‘nus
957 1344 1061 1385 ille?
1093 1345 1157 1393 ah,
1180 1345 1329 1399 Hegio,

432 1413 678 1466 Numquam
700 1412 809 1453 istuc
832 1412 944 1453 dixis
966 1411 1103 1466 neque
1125 1413 1315 1454 animum
1336 1415 1509 1456 induxis
1531 1420 1673 1458 tuom:
1732 1419 1788 1459 40

432 1480 527 1520 Tibi
547 1479 620 1520 ille
640 1479 824 1528 unicust,
845 1479 905 1520 mi
927 1480 1056 1521 etiam
1077 1479 1203 1521 unico
1226 1482 1358 1535 magis
1379 1482 1541 1524 unicus.

316 1548 400 1589 ΗΕ.
431 1547 587 1597 Laudo,
609 1548 770 1588 malum
792 1562 920 1601 quom
942 1548 1068 1589 amici
1088 1553 1208 1589 tuom
1230 1550 1348 1590 ducis
1369 1551 1539 1592 malum.

431 1617 559 1657 Nunc
579 1615 688 1657 habe
708 1616 870 1656 bonum
890 1616 1094 1657 animum.

1038 1685 1113 1725 ER.
1145 1676 1288 1726 Eheu:
1318 1685 1420 1727 huic
1441 1686 1550 1728 illud
1571 1688 1697 1738 dolet,

433 1752 542 1801 Quia
563 1751 677 1793 nunc
697 1752 899 1793 remissus
921 1751 984 1792 est
1005 1752 1164 1793 edundi
1185 1753 1404 1795 exercitus.

315 1820 397 1861 HE.
429 1819 667 1861 Nullumne
689 1820 851 1861 interea
871 1819 1075 1868 nanctu’s,
1099 1821 1174 1874 qui
1194 1821 1336 1874 posset
1357 1823 1438 1863 tibi
1733 1826 1787 1866 45

431 1889 672 1929 Remissum
694 1902 822 1942 quem
843 1888 952 1928 dixti
973 1888 1178 1942 imperare
1200 1889 1432 1930 exercitum
1450 1893 1464 1931 2

315 1956 390 1997 ER.
432 1956 545 2005 Quid
566 1956 731 1997 credis?
761 1961 989 2009 postquam
1011 1956 1330 2010 Philopolemus
1353 1958 1523 2011 captust
1543 1964 1651 2011 tuos,

431 2024 542 2073 Quoi
562 2024 780 2078 obtigerat,
801 2023 989 2077 fugitant
1010 2021 1156 2065 omnes
1177 2025 1286 2066 hanc
1306 2027 1580 2080 prouinciam.

364 2125 408 2158 27
434 2123 538 2157 uiuat
554 2123 590 2157 J.
713 2126 756 2157 29
782 2123 876 2168 Ergo
895 2121 960 2156 sile
978 2123 1019 2157 Β.
1149 2123 1200 2158 dii
1217 2124 1253 2158 J.
1382 2128 1428 2160 30
1454 2126 1603 2172 Egonne
1620 2128 1689 2163 illu
1714 2141 1788 2165 non

314 2178 419 2212 fleam
438 2189 549 2223 egone
566 2190 639 2212 non
656 2179 769 2222 1305),
811 2188 922 2223 egone
940 2177 1048 2212 illum
1073 2179 1254 2213 nonsseam
1272 2191 1382 2225 egone
1400 2192 1473 2215 non
1491 2182 1607 2226 D(S)‚
1649 2183 1724 2230 Ego
1742 2196 1787 2219 ne

315 2233 424 2267 illiun
442 2233 572 2267 fleam?
597 2245 660 2278 ego
678 2244 735 2267 me
749 2244 823 2267 non
839 2233 874 2266 J.
972 2236 1014 2267 31
1042 2233 1304 2268 adolescentem
1321 2235 1356 2269 J.
1455 2238 1595 2272 32—36
1611 2238 1693 2282 first
1711 2239 1794 2284 half

316 2288 355 2332 of
369 2288 437 2321 line
455 2287 598 2331 illeqible
616 2288 657 2322 in
673 2288 711 2322 J.
809 2290 854 2322 34
880 2287 1046 2333 Cumque
1071 2289 1113 2323 B.
1225 2289 1291 2324 hoc
1311 2290 1422 2334 leqible
1435 2291 1533 2336 'early
1550 2294 1589 2326 in
1608 2293 1675 2327 line
1693 2295 1733 2328 in
1749 2294 1785 2328 J.

316 2345 360 2377 35
387 2342 521 2376 ostium
539 2342 579 2375 Β.
738 2344 783 2376 36
809 2342 945 2396 fuerint
962 2343 1073 2387 B(S)‚
1092 2343 1202 2378 fuerit
1220 2344 1358 2387 D(S)J.
1517 2349 1563 2380 40
1587 2347 1732 2382 induxti
1749 2348 1786 2382 J.

316 2400 357 2430 41
387 2397 499 2430 michi
517 2397 551 2429 J.
675 2399 720 2430 42
746 2397 836 2431 dicis
853 2397 889 2432 J.
1010 2401 1055 2433 43
1080 2399 1238 2433 amicum
1258 2401 1433 2444 (corrected
1451 2400 1492 2445 by
1508 2402 1625 2436 second
1642 2403 1737 2437 hand
1757 2408 1788 2438 to

314 2451 492 2494 animum)
511 2451 546 2484 J.
692 2452 757 2485 ER.
786 2452 889 2487 Eheu
907 2455 913 2487 1
966 2453 1038 2487 ΗΕ.
1068 2453 1163 2487 Huic
1183 2453 1276 2487 illud
1294 2454 1391 2488 dolet
1420 2456 1485 2499 (the
1505 2460 1579 2490 next
1598 2457 1684 2491 three
1702 2458 1788 2492 lines

315 2506 411 2549 huius]
428 2506 610 2539 continued
630 2510 660 2540 to
678 2507 802 2550 Hostia)
823 2508 890 2551 HJ,
926 2508 991 2542 ER.
1022 2508 1142 2542 Eheu:
1162 2508 1247 2542 huic
1262 2535 1268 2542 .
1286 2535 1292 2542 .
1309 2536 1316 2542 .
1332 2535 1339 2542 .
1355 2511 1540 2544 exercitus.
1594 2511 1664 2545 HE.
1694 2512 1787 2547 Nul-

314 2560 439 2594 lumne
469 2565 526 2594 etc.
560 2561 631 2604 ΒΛ,
681 2562 735 2595 eoi
768 2565 802 2595 (εἰ
831 2563 927 2596 cht.
956 2575 999 2597 on
1030 2563 1102 2596 Τι’ν.
1134 2563 1228 2597 Eun.
1258 2573 1299 2598 IV
1326 2566 1358 2598 4.
1387 2566 1444 2608 47,
1469 2567 1638 2611 amum-ecl
1663 2567 1704 2612 by
1730 2568 1786 2602 Rc.

314 2618 359 2648 45
385 2620 511 2649 nactus
529 2616 595 2649 BJ.
693 2619 739 2649 46
764 2616 858 2650 dixit
876 2618 1021 2661 BI)(S).

361 2673 417 2712 47,
436 2673 480 2704 48
507 2671 603 2712 Quid
621 2671 734 2705 credis
753 2672 762 2705 Ι
788 2672 960 2717 Fugitant
978 2685 1101 2707 omnes
1118 2672 1208 2707 hanc
1227 2674 1452 2719 prouinciam

503 2725 607 2766 Quod
625 2725 801 2771 obtigerat
819 2732 1009 2772 postquam
1024 2733 1148 2773 captus
1165 2733 1217 2761 ost
1239 2728 1510 2774 Philopolemus
1528 2735 1612 2765 tuus
1639 2731 1706 2775 BJ‚

317 2778 389 2823 (bat
409 2779 446 2812 in
462 2779 490 2812 J
507 2779 558 2812 che
567 2779 647 2823 first
666 2781 756 2814 word
776 2782 813 2815 ιή
830 2782 909 2816 each
928 2783 996 2816 line
1014 2783 1044 2817 is
1062 2783 1230 2827 ι’(ἰεᾳιἸιΙυ).

505 2833 601 2875 Quid
620 2835 733 2868 credis
746 2836 757 2869 ’ἰ
783 2841 974 2882 postquam
994 2837 1266 2883 Philopolemus
1284 2843 1425 2884 captust
1443 2844 1536 2881 tuos,

503 2887 595 2931 Quoi
614 2889 801 2936 obtigerat,
819 2890 977 2937 fugitant
995 2904 1118 2927 omncs
1136 2892 1225 2927 hunc
1246 2894 1481 2939 monim-ium.
1510 2895 1567 2929 ΒΓ.
