1958 3239
319 217 374 256 64
957 225 1048 257 PLA
1061 225 1147 257 VTJ
1417 216 1478 269 [1v
1499 216 1535 256 4.
1560 216 1671 256 5—v
1694 217 1728 257 1.
1751 216 1776 258 7

316 320 405 361 Vbi
425 319 546 361 nelui
567 322 636 362 illi
655 325 807 362 merem
823 335 966 374 ywere,
987 323 1046 362 ibi
1066 322 1108 362 όε
1122 322 1330 374 pandebat
1350 321 1582 374 inprobum,
1753 322 1777 360 5

317 388 544 442 Nimisque
571 388 711 429 hercle
741 402 816 443 ego
846 388 971 429 illum
996 388 1107 429 male
1137 389 1439 429 formidabam:
1474 389 1535 428 ita
1560 388 1781 429 frendebat

1177 455 1386 503 dentibus,

317 521 562 563 Adueniens
583 522 827 563 deturbauit
846 526 986 563 totum
1007 521 1104 563 cum
1125 522 1240 563 carni
1261 521 1508 570 carnerium,

317 589 512 642 Arripuit
531 590 730 643 gladium,
751 589 1067 643 praetruncauit
1086 589 1220 630 tribus
1242 589 1452 642 tegoribus
1473 587 1654 642 glendia,

318 655 452 696 Aules
474 657 707 709 calicesque
729 657 865 697 omnis
886 656 1100 710 confregit,
1120 656 1204 696 nisi
1224 669 1331 708 quae
1352 655 1554 696 modiales
1576 660 1717 696 erant:

320 723 479 763 Cocum
498 722 831 775 percontabatur,
851 727 1079 775 possentne
1101 722 1231 763 seriae
1252 722 1506 763 feruescere:
1728 723 1781 762 10

320 788 460 829 Cellas
479 789 650 842 refregit
669 787 806 829 emnis
826 790 943 829 intus
964 788 1219 841 reclusitque
1241 789 1475 829 armzirium.

318 854 554 895 Adseruate
574 856 715 895 istunc
736 855 870 903 sultis,
892 855 1026 895 serui:
1057 869 1131 908 ego
1152 855 1222 895 ibo
1243 860 1292 895 ut
1313 855 1562 895 conuenizim
1583 869 1749 896 senem:

219 926 300 965 920
320 922 471 961 Dicam
491 921 541 961 ut
561 922 642 961 sibi
662 935 821 974 penum
841 921 959 962 aliud
980 927 1109 971 ornet,
1131 923 1167 963 si
1188 922 1359 975 quidem
1382 935 1471 962 sese
1491 923 1555 962 uti
1575 922 1703 972 uolet,

319 989 431 1028 Nam
452 988 533 1036 Ῑιόε,
561 988 630 1029 hic
650 989 823 1042 quidem
850 994 900 1030 ut
926 987 1112 1037 adernat‚
1144 995 1216 1029 aut
1247 989 1332 1028 iam
1361 989 1471 1029 nihil
1502 994 1566 1030 est
1595 995 1669 1030 aut
1698 990 1784 1030 iam

1176 1056 1285 1096 nihil
1306 1056 1393 1097 erit.

420 1551 577 1592 HEGIO.
638 1553 980 1594 PHILOPOLEMVS.
1043 1554 1353 1595 PHILooRATEs.
1413 1553 1682 1594 STALAGMVS.

320 1683 402 1724 ΗΕ.
434 1684 529 1724 Ioui
550 1684 698 1738 disque
720 1684 796 1739 age
815 1685 970 1740 graties
992 1686 1141 1727 merito
1162 1686 1346 1740 magnas,

435 1752 573 1800 Quom
594 1752 635 1793 te
656 1752 880 1793 redducem
901 1758 976 1794 tuo
997 1754 1107 1806 patri
1127 1753 1401 1794 reddiderunt

435 1819 656 1872 Quomque
678 1819 728 1860 ex
749 1820 930 1861 miseriis
950 1821 1158 1874 plurumis
1179 1835 1248 1862 me
1269 1820 1527 1869 exemerunt,

435 1886 559 1934 Quas,
583 1886 685 1926 dum
706 1891 748 1927 te
770 1887 996 1928 carendum
1016 1888 1086 1928 hic
1107 1888 1200 1937 fuit,
1221 1887 1522 1936 sustentabaQ

435 1953 655 2006 Quomque
676 1954 817 1994 istunc
838 1955 1049 2008 conspicio
1069 1956 1114 1995 in
1135 1954 1342 2008 potestate
1362 1953 1506 1995 nestra
1761 1955 1785 1995 5

435 2020 656 2073 Quomque
676 2020 802 2060 huius
821 2021 1026 2074 repertast
1046 2022 1148 2063 fides
1169 2023 1288 2062 firma
1308 2021 1439 2062 nebis.

321 2087 493 2126 PHILOP.
527 2087 638 2128 Satis
658 2087 743 2127 iam
765 2088 881 2128 dolui
903 2103 954 2129 ex
977 2089 1118 2129 animo
1135 2094 1177 2129 et
1198 2102 1297 2130 cura
1318 2089 1420 2129 szitis
1441 2102 1509 2129 me
1531 2093 1573 2129 et
1588 2088 1786 2130 lacrumis

1180 2155 1412 2197 nuiceraui:

368 2307 388 2338 5
415 2314 560 2339 UBINOL
572 2331 749 2340 .........
767 2316 791 2341 R
803 2333 1115 2342 ..............
1134 2317 1189 2342 UM
1205 2308 1248 2351 A,
1262 2307 1334 2341 Vbi
1349 2307 1454 2342 nolui
1470 2308 1529 2342 illi
1546 2320 1670 2343 morem
1681 2320 1787 2353 yerere

319 2358 369 2392 ibi
386 2371 419 2392 os
432 2359 603 2403 pandebat
621 2360 816 2405 improbum
836 2361 934 2406 (ἕψῃ.
958 2362 1025 2395 Tha
1039 2374 1124 2396 verse
1142 2363 1172 2396 is
1186 2366 1242 2396 noc
1252 2362 1368 2405 found
1381 2363 1421 2396 in
1439 2363 1507 2397 BJ,
1560 2363 1579 2397 7
1598 2374 1702 2397 carne
1714 2363 1786 2405 BJ,

321 2413 418 2447 carni
435 2413 539 2447 Lz'ml.
706 2417 727 2448 8
752 2425 965 2450 ‘rx-:GORIBVS
983 2417 1029 2459 A,
1054 2416 1255 2462 tergoribus
1272 2417 1341 2451 BJ,
1486 2419 1507 2450 9
1533 2416 1727 2462 confringit
1744 2418 1784 2451 B.

322 2471 366 2501 10
391 2468 457 2501 scri
476 2468 708 2503 reseruescere
725 2470 762 2504 J.
863 2473 906 2504 12
930 2471 1042 2504 istum
1059 2471 1097 2505 J.
1197 2473 1240 2504 14
1264 2470 1322 2504 hoc
1349 2471 1453 2505 Lind.

368 2522 474 2556 1⁴:010.
504 2523 779 2558 PmLoonArEs.
809 2524 1118 2559 Pmnoronmws.
1147 2524 1377 2559 STALAGMVS
1402 2526 1439 2560 J.
1529 2527 1558 2567 1,
1578 2528 1598 2559 2
1615 2526 1711 2572 for-yn
1728 2538 1787 2561 one

322 2576 390 2610 line
407 2577 445 2611 J.
521 2579 536 2610 l
566 2577 663 2611 Noui
682 2578 822 2623 diisque
837 2579 872 2612 J.
947 2591 1026 2623 gras
1043 2579 1079 2613 J.
1156 2581 1176 2612 2
1201 2579 1369 2613 reducem
1387 2580 1457 2620 BJ,
1476 2580 1664 2613 reddueem
1686 2581 1785 2625 Gepp.

321 2633 354 2672 3,
372 2633 393 2663 4
411 2642 470 2664 one
488 2631 556 2665 line
573 2632 610 2665 J.
708 2635 729 2666 3
755 2644 909 2677 cumque
927 2637 962 2667 et
979 2633 1134 2666 miseriis
1150 2633 1187 2667 J.
1298 2636 1319 2666 4
1346 2633 1444 2675 Quae
1463 2634 1507 2667 ad
1526 2634 1594 2667 huc
1613 2639 1647 2667 te
1666 2646 1788 2668 carens

321 2684 409 2717 dum
427 2684 485 2718 hic
504 2686 554 2718 fui
581 2686 648 2728 BJ,
676 2686 772 2728 Quas
788 2687 877 2720 dum
896 2692 929 2720 te
947 2687 1140 2721 carendum
1163 2686 1221 2720 hic
1239 2686 1309 2720 fuit
1336 2687 1473 2720 Acidul.
1573 2689 1787 2722 sustinenta-

321 2737 404 2771 bam
421 2739 455 2772 J.
566 2743 597 2782 5,
616 2742 637 2773 6
663 2752 721 2774 one
740 2741 808 2774 linc
825 2741 862 2775 J.
976 2745 996 2775 5
1023 2741 1116 2775 hum·
1138 2741 1205 2783 BJ,
1235 2742 1349 2774 istum
1372 2742 1427 2775 Ην.
1548 2743 1569 2775 6
1597 2742 1788 2788 Quomque

322 2791 408 2826 haec
426 2798 565 2838 roperta
581 2799 634 2828 cst
650 2795 693 2837 B,
719 2807 872 2840 cumque
890 2795 953 2829 hec
973 2801 1111 2841 reperta
1129 2801 1181 2829 est
1198 2796 1229 2830 J
1229 2823 1237 2835 ,
1263 2795 1369 2829 huius
1387 2796 1509 2837 Βοὴ-α,
1527 2797 1626 2831 Both.
1692 2799 1711 2831 7
1730 2809 1788 2831 me

323 2847 408 2880 satis
424 2847 494 2889 BJ,
520 2848 606 2882 satis
623 2860 679 2883 me
698 2849 751 2883 Fl.
848 2850 1027 2884 maceraui
1045 2849 1109 2884 hoc
1135 2850 1207 2894 BJ,
1234 2849 1299 2884 hoc
1317 2851 1455 2884 omitted
1473 2851 1513 2895 by
1531 2851 1614 2885 Par.
