1958 3239
172 262 222 293 111
251 254 448 308 1.5—32]
793 261 1004 293 CAPTJVJ.
1572 251 1627 290 43

1598 357 1621 392 δι

152 343 220 399 fta
239 359 505 414 malignitate
527 358 720 400 onerauit
740 356 878 399 omnis
901 356 1090 398 mortalis
1112 356 1228 397 mihi.

149 425 300 480 Neque
320 425 632 468 ieiuniosiorem
652 425 730 467 nec
750 426 884 480 magis
906 424 1111 466 ecfertum
1135 425 1244 465 fame

149 493 252 534 Vidi
272 507 350 535 nec
369 494 470 547 quoi
485 493 627 534 minus
647 493 846 547 procedat
867 492 1076 547 quidquid
1097 493 1232 533 facere
1253 491 1484 545 occeperit:

151 546 219 601 ita
238 565 388 602 uenter
406 560 638 615 gutturque
658 561 846 602 resident
867 560 1058 602 esurialis
1080 559 1214 601 ferias.

151 613 274 669 ilicet
293 628 542 682 parasiticae
563 628 644 669 arti
663 628 911 669 maxumam
932 628 1088 669 malam
1109 641 1274 669 crucem
1292 643 1299 668 ε

45 693 129 737 470
150 681 218 736 lta
237 695 438 737 iuuentus
459 696 544 736 iam
564 695 764 737 ridiculos
784 696 933 750 inopes
955 695 1008 736 ab
1029 709 1073 736 se
1094 695 1292 749 segregat.
1565 695 1616 733 10

147 763 190 804 N
193 763 224 804 ss
245 768 462 804 morantur
481 763 566 804 iam
588 764 774 805 Lacones
794 763 872 804 tini
893 762 1069 805 subselh'
1091 763 1216 811 uiros,

148 830 446 884 Plagipatidas‚
467 831 621 884 quibus
643 837 744 872 sunt
767 831 896 872 uerba
917 831 1008 872 sine
1030 844 1143 884 penu
1165 835 1207 871 et
1227 829 1416 883 pecunia.

148 897 231 939 Eos
251 898 484 952 requirunt,
501 899 586 952 qu1',
606 899 802 940 lubenter
817 912 946 952 quom
968 898 1141 946 ederint,
1162 898 1340 938 reddaint
1362 897 1487 938 domi.

151 952 240 1020 fpsi
261 966 478 1015 obsonant,
499 966 606 1020 quae
627 967 908 1020 parasitorum
929 967 1028 1007 {inte
1049 970 1139 1006 erat
1159 965 1387 1019 prouincia.

151 1019 241 1087 ipsi
262 1033 314 1074 de
334 1032 423 1074 foro
444 1039 532 1074 tam
552 1039 696 1088 aperto
718 1035 856 1088 capite
877 1034 930 1075 ad
950 1033 1124 1075 lenones
1145 1039 1259 1080 eunt,
1564 1034 1614 1072 15

150 1101 288 1150 Quam
308 1101 353 1141 in
374 1101 489 1142 tribu
511 1101 654 1155 aperto
676 1103 813 1156 capite
834 1101 968 1144 sontis
991 1101 1275 1143 condemnant
1295 1113 1397 1148 reos,

149 1168 300 1222 Neque
320 1168 521 1210 ridiculos
542 1169 625 1210 iam
647 1170 813 1211 terunci
834 1170 1007 1211 faciunt.
1069 1182 1158 1210 sese
1180 1167 1326 1209 omnes
1348 1173 1502 1208 amant.

150 1236 264 1277 Nam
284 1251 349 1290 eqo
369 1242 418 1277 ut
439 1236 600 1277 dudum
621 1237 721 1279 hinc
742 1238 838 1286 abii,
860 1237 1015 1279 accessi
1036 1237 1089 1277 ad
1110 1236 1392 1277 adulescentis
1414 1236 1458 1276 in
1480 1236 1592 1276 foro:

151 1304 359 1346 ‘Saluete’
388 1305 586 1358 inquam:
617 1310 724 1359 ‘quo
751 1306 862 1347 imus
891 1319 976 1346 una
1004 1304 1058 1346 ad
1087 1304 1356 1358 prandium?
1397 1309 1525 1356 atque
1556 1303 1621 1343 ilh'

1008 1377 1161 1414 tacent.
1567 1371 1617 1411 19

47 1443 131 1484 480
149 1445 160 1461 ‘
175 1440 279 1490 Quis
295 1440 383 1495 agit
397 1441 488 1490 hoc,
504 1445 578 1482 aut
594 1442 689 1495 quis
705 1442 927 1495 profitetur
941 1442 972 1481 2²
998 1441 1191 1494 inquam:
1219 1440 1340 1494 quasi
1357 1440 1466 1480 muti
1482 1439 1622 1487 silent,

150 1508 301 1562 Neque
314 1523 382 1550 me
395 1509 545 1550 rident.
579 1509 671 1550 ‘libi
687 1523 887 1551 cenamus
905 1510 930 1550 2'
958 1509 1134 1563 inquam
1151 1514 1277 1562 atque
1294 1507 1620 1548 illi—:ibnuont.

150 1577 258 1617 Dico
278 1590 414 1617 unum
433 1577 662 1618 ridiculum
683 1578 846 1619 dictum
868 1577 918 1618 de
941 1577 1066 1618 dictis
1088 1574 1344 1623 melioribus,

151 1643 315 1693 Quibus
337 1644 523 1685 solebam
544 1645 816 1686 menstrualis
839 1645 986 1699 epulas
1007 1650 1106 1685 ante
1127 1643 1375 1697 adipiscier:

149 1711 287 1753 Nemo
306 1712 425 1753 ridet.
486 1713 593 1754 sciui
614 1713 828 1767 extemplo
849 1712 936 1754 rem
959 1712 1011 1754 de
1032 1710 1235 1766 conpecto
1255 1711 1353 1765 geri.

150 1779 216 1821 Ne
238 1793 386 1821 canem
406 1780 579 1834 quidem
599 1781 817 1821 inritatam
838 1779 977 1821 uoluit
998 1779 1223 1833 quisquam
1245 1777 1460 1823 imitarier,
1566 1777 1620 1816 25

151 1847 324 1896 Saltem,
345 1847 381 1888 si
402 1861 488 1888 non
508 1848 750 1896 arriderent,
772 1848 911 1889 de'ntis
933 1852 981 1888 ut
1001 1847 1312 1899 restringerent.

149 1901 269 1956 Abeo
290 1916 343 1956 ab
363 1915 461 1964 illis,
482 1914 705 1969 postquam
727 1916 851 1956 uideo
874 1914 939 1956 me
961 1915 1022 1956 sic
1041 1913 1305 1954 ludificarier.

150 1982 282 2037 Pergo
303 1983 356 2024 ad
377 1983 491 2031 alios,
513 1982 639 2024 uenio
660 1983 712 2024 ad
730 1983 846 2031 alios,
867 1983 1020 2024 deinde
1042 1981 1095 2023 ad
1116 1981 1220 2022 alios
1239 1997 1246 2021 :
1278 1980 1363 2021 una
1383 1993 1459 2021 res,

152 2043 312 2093 Omnes
332 2051 379 2091 de
400 2050 602 2104 conpecto
623 2064 711 2092 rem
732 2056 875 2105 agunt,
896 2049 1018 2104 quasi
1039 2050 1085 2090 in
1106 2049 1288 2090 Velabro
1310 2047 1466 2089 olezirii.

48 2125 133 2167 490
216 2132 298 2160 unc
318 2118 441 2160 redeo
462 2118 570 2165 inde,
589 2119 789 2172 quoniam
811 2131 877 2159 me
898 2118 959 2159 ibi
974 2118 1099 2159 uideo
1120 2115 1402 2169 ludificarier]
1569 2116 1622 2156 30

177 2191 264 2228 tem
284 2186 359 2227 alii
378 2186 553 2240 parasiti
572 2187 728 2227 frustra
748 2185 1080 2227 obambulabant
1100 2185 1146 2225 in
1166 2184 1265 2224 soro.

151 2253 280 2295 Nunc
299 2254 516 2295 barbarica
535 2253 625 2308 lege
648 2258 853 2295 certumst
873 2252 940 2294 il'ls
962 2266 1105 2294 meum
1126 2265 1251 2292 omne
1271 2250 1477 2305 persequi.

199 2407 220 2438 5
245 2402 475 2438 honerauerit
501 2403 538 2437 J.
692 2405 714 2437 6
740 2401 889 2447 Nequae
917 2402 952 2435 J.
1109 2410 1224 2445 neque
1242 2398 1356 2443 magis
1373 2397 1559 2432 effractum
1585 2398 1621 2431 J.

152 2458 173 2493 7
197 2459 262 2504 qui
278 2458 428 2502 BD(S)‚
445 2457 503 2492 cui
521 2457 557 2491 J.
693 2457 830 2502 occepit
848 2456 884 2490 J.
1032 2457 1053 2488 8
1081 2454 1208 2499 Itaque
1227 2453 1295 2495 BJ,
1316 2453 1372 2486 Ita
1391 2453 1501 2493 Bent„
1520 2452 1620 2485 Rofh.

151 2515 174 2548 9
199 2513 299 2547 Licet
314 2513 351 2547 J.
439 2515 482 2547 10
506 2512 702 2558 inopesque
719 2511 764 2545 ab
782 2523 855 2545 sese
873 2514 1031 2556 segregat
1049 2509 1119 2551 BJ,
1138 2510 1333 2554 inopesque
1351 2506 1396 2542 ab
1410 2518 1445 2540 se
1464 2511 1623 2551 segregat

153 2567 295 2610 caman,
308 2567 405 2602 Bent.
475 2570 512 2601 11
536 2565 643 2600 Nihil
656 2566 724 2600 BJ.
793 2569 836 2600 13
861 2564 1083 2599 comederint
1101 2564 1142 2606 B,
1161 2562 1391 2597 comederunt
1414 2560 1525 2601 ΖΝΗ),
1540 2571 1622 2593 cnm

151 2622 291 2657 ederint
302 2622 337 2656 J.
391 2624 434 2656 16
450 2625 708 2667 contempnant
720 2621 761 2663 B,
776 2620 1041 2665 condempnant
1057 2619 1093 2652 J.
1146 2620 1187 2651 17
1200 2623 1275 2650 tam
1289 2615 1447 2650 tex-runci
1461 2613 1623 2655 B¹D(S)‚

151 2677 225 2712 iam
240 2677 398 2712 terrunci
415 2676 508 2720 13²(S
515 2679 541 2719 )‚
559 2680 634 2710 tam
651 2675 810 2710 terrunci
827 2686 909 2709 corr.
921 2673 973 2718 sr.
992 2672 1190 2707 terrerunci
1208 2672 1244 2705 J.
1334 2672 1375 2703 18
1400 2681 1454 2712 esto
1473 2668 1620 2711 Seyffert.

214 2730 480 2766 addolescentes
501 2731 537 2764 J.
638 2732 680 2764 19
706 2741 778 2763 nna
796 2729 945 2775 inquam
963 2727 1007 2761 ad
1034 2727 1066 2761 Β
1072 2727 1122 2768 D(
1129 2727 1154 2760 S
1161 2725 1207 2769 )J
1207 2751 1215 2768 ‚
1238 2736 1310 2759 una
1328 2723 1372 2757 ad
1392 2723 1501 2762 Beni..
1520 2722 1617 2756 Both.

152 2788 198 2820 20
220 2786 390 2832 profiteor
415 2784 590 2830 (corrected
614 2783 712 2818 above
738 2784 790 2817 2]ae
817 2783 885 2817 line
912 2787 942 2816 to
966 2782 1074 2824 -etnr)
1100 2779 1275 2825 inquam?
1300 2778 1337 2812 J.
1458 2779 1502 2811 24
1527 2788 1622 2810 com-

150 2845 255 2887 paeto
271 2840 342 2884 BJ,
367 2844 550 2886 compecto
569 2839 760 2873 czar-zasias.
881 2839 924 2871 25
951 2835 1021 2870 Nei
1045 2835 1080 2868 J.
1218 2836 1262 2867 539
1287 2836 1471 2878 compacto
1492 2831 1558 2866 BJ.
1585 2830 1625 2864 de

151 2899 321 2941 conpecto
338 2895 374 2928 F
373 2894 395 2928 Ι.
468 2896 470 2899 ’
516 2896 561 2927 30
586 2893 669 2927 inde
686 2892 771 2927 inde
789 2903 871 2925 cum
889 2891 924 2925 J.
953 2891 1020 2934 (the
1039 2890 1108 2923 line
1126 2887 1295 2921 ἧψά-ΜΘΗ
1313 2887 1354 2930 by
1371 2887 1442 2929 Fl.)

840 2949 915 2988 13⁶2
