1958 3239
134 277 168 309 11
189 267 226 309 2.
248 266 465 320 86—105]
767 271 979 305 CAPTJVJ.
1548 263 1602 305 37

248 374 353 414 Tam
373 371 453 413 hoe
473 370 646 426 quidem
666 370 747 411 tibi
763 370 808 410 1'11
828 368 1020 424 procliui,
1041 382 1170 422 quam
1190 368 1325 410 imber
1339 371 1415 418 est,
1436 366 1605 422 quando

996 436 1120 491 pluit.

135 509 218 550 ΗΕ.
248 507 334 550 Fac
353 507 390 549 is
411 506 536 548 homo
556 510 607 547 ut
625 505 866 547 redimatur.

767 574 839 614 TY.
870 572 1052 622 Faciam,
1075 571 1149 614 sed
1169 576 1211 613 te
1232 571 1276 612 id
1297 585 1379 621 oro,
1401 570 1549 626 He'gio.

133 644 217 686 ΗΕ.
249 643 364 694 Quid
383 643 480 684 uis?
511 642 614 683 dum
635 642 688 683 ab
708 655 753 683 re
774 640 827 682 ne
849 640 954 695 quid
974 653 1077 689 ores,
1098 639 1260 681 faciam.

1027 709 1099 748 ΤΥ.
1131 707 1352 755 Ausculta,
1374 706 1468 747 tum
1489 706 1605 748 scies.

252 769 339 833 Ego
360 791 428 820 me
448 777 600 826 amitti,
622 775 820 818 donicum
842 775 916 817 isse
935 775 1020 835 huc
1040 775 1221 822 redierit,
1243 789 1328 816 non
1348 772 1541 828 po'stulo:

35 849 118 891 340
250 846 422 895 Verum,
458 850 501 887 te
536 858 703 899 quaeso,
739 844 1025 886 aestumatum
1064 843 1180 884 hune
1213 842 1321 883 mihi
1360 842 1444 891 des,
1480 855 1609 895 quem

998 911 1170 952 mittam
1191 910 1245 951 ad
1265 915 1441 964 patrem,
1553 910 1607 950 90

252 967 314 1023 Ϋίῑ
333 982 370 1023 is
390 981 516 1022 homo
537 980 770 1022 redimatur
789 980 864 1020 illi.

772 1048 852 1088 HE.
885 1048 1024 1088 Immo
1045 1046 1177 1086 {ilium
1197 1046 1339 1100 potius
1360 1045 1513 1086 misero

253 1117 380 1167 Hine,
393 1117 468 1158 ubi
484 1122 608 1159 erunt
624 1115 827 1164 indutiae,
841 1115 954 1164 ffluc,
968 1113 1087 1156 tuom
1101 1114 1175 1168 qui
1191 1113 1419 1155 conueniat
1434 1118 1609 1166 patrem,

254 1186 338 1236 Qui
359 1191 433 1226 tua
453 1198 561 1239 quae
582 1191 631 1226 tu
652 1183 824 1225 iusseris
845 1183 1047 1224 mandata
1066 1182 1128 1223 ita
1149 1187 1197 1223 ut
1216 1181 1325 1223 uelis
1346 1180 1538 1235 perferat.

136 1257 209 1297 ΤΥ.
253 1241 314 1296 At
334 1254 444 1295 nihil
465 1259 530 1295 est
549 1252 742 1308 ignotum
763 1252 816 1293 ad
836 1252 962 1292 illum
982 1251 1173 1292 mittere:
1204 1263 1373 1304 operam
1392 1249 1591 1301 luseris*

253 1322 384 1364 Hune
404 1323 538 1371 mitte,
569 1322 639 1363 hic
660 1320 923 1362 transactum
954 1319 1101 1361 reddet
1126 1317 1262 1367 omne,
1293 1318 1330 1359 si
1350 1317 1453 1358 illue
1483 1316 1612 1358 uene-

998 1387 1065 1427 rit.
1556 1385 1608 1425 95

254 1457 345 1500 Ne'c
365 1470 622 1512 quemquam
643 1456 876 1498 fideliorem
896 1454 1034 1509 neque
1055 1453 1156 1508 quoi
1177 1453 1274 1508 plus
1296 1452 1438 1494 eredat
1457 1457 1577 1506 potes

253 1525 429 1567 Mittere
449 1525 502 1566 ad
523 1539 632 1573 eum,
654 1524 732 1566 nec
752 1524 827 1578 qui
847 1524 980 1578 magis
1002 1522 1058 1564 sit
1079 1521 1222 1563 se'ruos
1245 1535 1297 1562 ex
1319 1520 1542 1569 sententia,

253 1595 297 1635 N
299 1594 405 1648 e'que
426 1593 529 1635 adeo
550 1593 651 1646 quoi
671 1591 788 1633 tuom
812 1591 1036 1633 concredat
1057 1590 1197 1630 fssium
1218 1587 1343 1630 hodie
1366 1588 1577 1630 audacius.

253 1662 320 1704 Ne
341 1675 533 1703 uereare:
563 1659 657 1701 meo
678 1660 834 1714 periclo
854 1658 982 1700 huius
1004 1672 1079 1713 ego
1101 1657 1291 1711 experiar
1311 1657 1438 1698 fidem
1557 1657 1610 1696 99

38 1733 120 1775 350
254 1729 404 1771 Fretus
420 1729 589 1784 ingenio
603 1729 706 1777 eius,
720 1728 832 1782 quod
848 1741 915 1768 me
930 1740 1019 1768 esse
1036 1726 1116 1768 seit
1129 1739 1218 1767 sese
1233 1739 1329 1779 erga
1344 1723 1612 1766 beneuolum.

140 1798 221 1840 ΗΕ.
253 1798 430 1839 Mittam
451 1796 647 1850 equidem
664 1796 806 1837 istunc
828 1795 1112 1836 aestumatum
1134 1793 1207 1834 tua
1228 1793 1326 1842 fide,
1346 1792 1383 1834 si
1403 1792 1479 1833 iu's.

1374 1861 1446 1901 ΤΥ.
1477 1859 1613 1900 Volo:

257 1933 394 1983 Quam
416 1931 632 1974 eitissume
653 1936 805 1986 potest,
826 1935 914 1972 tam
936 1930 1014 1971 hoo
1035 1929 1180 1971 cedere
1201 1929 1254 1969 ad
1274 1927 1435 1969 factum
1455 1928 1562 1968 uolo.

140 2002 224 2043 HE.
255 2000 482 2054 Numquae
499 2005 665 2041 eausast
682 2000 797 2053 quin,
811 1999 847 2041 si
861 1999 933 2040 ifle
946 1998 1029 2039 huc
1043 2011 1128 2039 non
1141 1996 1295 2045 redeat,
1308 1996 1463 2050 uiginti
1476 1995 1614 2036 minas

256 2069 370 2110 Mshi
391 2069 464 2110 des
485 2082 560 2123 pro
580 2068 656 2109 illo
673 2070 688 2108 ’.ἰ

596 2136 669 2177 ΤΥ.
703 2129 890 2190 Optume
911 2135 1053 2176 immo.

949 2203 1031 2243 HE.
1064 2200 1227 2244 Soluite
1247 2201 1378 2243 istum
1400 2200 1612 2249 nunciam,

256 2259 401 2328 Atque
421 2277 661 2326 utrumque.

548 2342 621 2381 TY.
651 2341 710 2381 Di
726 2339 805 2381 tibi
822 2353 967 2380 omnes
988 2337 1132 2379 omnia
1146 2341 1291 2391 optata
1305 2337 1499 2391 offerant,
1531 2337 1611 2378 105

190 2491 236 2524 86
261 2487 462 2535 inproeliue
479 2488 522 2531 B,
539 2485 751 2533 inprodiui?
775 2485 811 2519 J.
885 2487 929 2519 87
948 2496 1020 2527 oro,
1040 2483 1067 2518 O
1086 2483 1202 2529 Hegio
1219 2483 1318 2517 Bent.
1392 2485 1437 2517 88
1464 2483 1552 2517 scias
1570 2483 1611 2517 Β.

144 2547 190 2580 89
206 2544 320 2579 donec
333 2555 416 2578 cum
429 2543 498 2585 BJ‚
513 2542 685 2576 donicum
701 2540 778 2575 Cod.
794 2540 889 2574 Min.
939 2542 985 2574 90
1002 2550 1112 2585 queso
1126 2543 1167 2572 ut
1181 2541 1411 2573 aestumatum
1428 2537 1468 2579 B,
1483 2549 1615 2582 quaeso

143 2603 187 2634 ut
202 2599 432 2634 aestimatum
444 2598 481 2640 J,
499 2608 631 2643 quaeso
648 2600 892 2630 aestumatum
910 2594 1028 2636 Lina„
1052 2593 1087 2628 F
1087 2593 1107 2627 I.
1205 2595 1247 2627 91
1273 2592 1350 2626 illic
1368 2592 1434 2625 EG.
1455 2592 1560 2625 initio
1577 2592 1613 2626 J.

144 2655 191 2688 92
207 2653 378 2687 conuenit
394 2651 568 2695 BD(S)J,
586 2650 778 2685 conueniat
797 2649 873 2684 Cod.
890 2649 930 2683 M
936 2649 984 2682 in.
1036 2651 1081 2682 94
1098 2659 1184 2692 oper
1231 2658 1290 2680 am
1310 2646 1407 2690 (with
1421 2657 1467 2679 an
1481 2657 1615 2679 erasure

145 2708 185 2753 os
193 2710 214 2742 2
225 2708 345 2751 letters)
357 2707 392 2742 J.
436 2709 480 2742 95
499 2717 604 2740 omne
616 2709 838 2739 transactum
852 2703 977 2738 reddet
990 2703 1059 2745 BJ‚
1074 2708 1153 2735 t.r.o
1169 2701 1272 2735 Both.
1322 2703 1366 2735 98
1385 2701 1443 2734 eui
1457 2711 1563 2734 suum
1576 2701 1612 2735 J.

145 2765 192 2797 99
214 2761 376 2808 periculo
392 2761 435 2805 B,
452 2760 577 2807 perido
596 2761 691 2805 (corr.
709 2764 740 2794 w
757 2758 841 2802 -clo)
856 2759 891 2792 J.
952 2757 1031 2791 uice
1048 2756 1156 2790 fidem
1174 2756 1215 2798 B,
1235 2755 1342 2790 fidem
1360 2755 1417 2789 ue]
1437 2755 1552 2789 uicem
1571 2756 1606 2789 J.

148 2819 216 2851 100
239 2827 322 2862 erga
338 2827 373 2850 se
390 2815 433 2859 B,
450 2826 533 2861 erga
545 2826 619 2849 sese
634 2814 672 2858 J,
686 2825 759 2848 sese
777 2825 859 2859 erga
872 2813 969 2847 Bent.
996 2809 1210 2845 beniuolum
1223 2810 1290 2844 BJ.
1328 2812 1391 2844 101
1411 2809 1523 2843 istum
1539 2809 1610 2853 BJ‚

145 2871 266 2906 istunc
284 2871 426 2913 (lamen,
443 2870 542 2904 Bent.
661 2872 893 2913 aestymatum
910 2867 950 2900 B.
1071 2876 1158 2899 suus
1174 2865 1213 2899 J.
1324 2867 1390 2898 102
1415 2863 1556 2898 credere
1572 2863 1607 2897 J.

148 2929 216 2962 104
240 2926 377 2972 optima
394 2925 435 2960 B.
496 2924 683 2959 nunciam
707 2922 777 2967 BJ‚
802 2921 973 2956 nunciam
991 2920 1050 2955 Br.
1119 2922 1184 2954 105
1209 2919 1262 2954 dii
1278 2919 1314 2953 J.
1387 2917 1538 2963 offerant
1555 2917 1610 2951 Εἰ.
