1958 3239
154 243 199 274 1v
220 233 256 274 2.
281 233 458 273 118—4.
479 233 525 286 4]
785 241 995 273 OAPTJVJ.
1568 233 1621 273 63

154 337 229 378 ER.
271 322 396 379 Vnde
417 338 461 378 id
478 340 493 378 2

413 405 494 445 ΗΕ.
526 404 567 444 Α
588 417 657 445 me
677 402 855 457 meoque
875 408 1013 458 gnato.

910 472 984 512 ER.
1018 470 1217 525 Sponden
1233 476 1281 512 tu
1301 471 1448 512 istud?
1515 452 1520 456 ἱ

1300 540 1381 580 ΗΕ.
1416 537 1620 592 Spc'mdeo.

153 607 228 648 ER.
268 592 329 647 At
349 619 423 660 ego
444 610 563 646 tuom
583 606 664 646 tibi
683 605 908 646 aduenisse
927 605 1069 646 fssium
1089 604 1330 659 respondeo.

53 672 135 713 900
155 675 236 716 HE.
269 673 380 716 Cura
399 687 528 727 quam
548 672 720 727 optume
741 678 871 726 potes.

763 740 836 780 ER.
870 740 984 781 Bene
1005 739 1177 781 ambula
1197 743 1239 781 et
1259 739 1513 781 redambula.
1538 741 1619 780 120

154 985 228 1026 ER.
273 971 368 1026 sllic
389 985 487 1026 hinc
509 985 636 1026 abiit:
665 985 772 1025 mihi
792 999 881 1026 rem
902 999 1112 1026 summam
1134 985 1312 1026 eredidit
1334 986 1542 1027 cibariam.

270 1054 328 1093 Di
348 1053 602 1101 inmortales,
623 1053 709 1093 iam
729 1052 777 1092 1'1t
799 1067 873 1106 ego
895 1053 1024 1093 collos
1045 1052 1349 1106 praetruncabo
1370 1053 1593 1107 tegoribus.

271 1120 442 1169 Quanta
461 1120 602 1173 pernis
622 1119 754 1173 pestis
775 1120 931 1169 ueniet,
953 1120 1113 1173 quanta
1133 1121 1249 1161 labes
1270 1120 1415 1168 larido,

271 1187 442 1236 Quanta
461 1187 619 1227 sumini
639 1187 880 1236 absumedo,
901 1187 1061 1240 quanta
1081 1187 1188 1228 callo
1209 1187 1438 1236 calamitas,

272 1254 442 1304 Quanta
460 1254 588 1295 laniis
608 1254 825 1303 lassitudo,
847 1254 1007 1307 quanta
1026 1254 1273 1308 porcinziriis
1289 1271 1296 1295 :
1598 1255 1622 1294 5

270 1321 384 1362 Nam
404 1322 441 1362 si
461 1321 544 1362 alia
564 1321 802 1370 memorem,
819 1335 927 1375 quae
944 1322 996 1362 ad
1013 1323 1173 1362 uentris
1190 1322 1353 1363 uictum
1369 1320 1621 1369 conducunt,

1016 1394 1183 1429 morast.

271 1454 399 1496 Nunc
414 1456 494 1505 ibo,
511 1460 559 1496 ut
575 1469 785 1509 properem
803 1456 850 1496 ίη
867 1456 1186 1509 praefecturam,
1199 1455 1248 1496 ut
1260 1456 1326 1495 ius
1341 1455 1476 1496 dican]
1491 1455 1624 1495 larido

272 1515 327 1564 Et
340 1538 446 1577 quae
459 1524 647 1577 pendent
660 1524 929 1564 indemnatae
942 1523 1109 1577 pernae,
1123 1523 1182 1564 eis
1197 1523 1405 1564 auxilium
1419 1522 1468 1563 ut
1481 1523 1623 1564 feram.

823 1789 954 1829 Pvmz.

158 1876 373 1931 Diespiter
393 1880 433 1918 te
455 1877 592 1931 dique,
614 1878 814 1932 Ergasile,
834 1878 1013 1931 perdant
1035 1883 1076 1919 et
1097 1877 1290 1918 uentrem
1311 1882 1430 1918 tuom

57 1949 140 1990 910
159 1945 453 1998 Parasitosque
474 1946 610 1986 onmis
632 1945 674 1986 et
694 1946 768 1999 qui
789 1946 964 1999 posthac
985 1945 1131 1986 cenam
1153 1946 1347 1999 parasitis
1369 1945 1497 1985 dabit.

160 2012 310 2054 Clades
343 2013 655 2066 calamitasque,
688 2013 959 2067 intemperies
995 2012 1119 2053 modo
1152 2014 1197 2053 in
1233 2019 1420 2053 nostram
1453 2011 1627 2053 aduem't

1019 2081 1200 2121 domum.

161 2146 330 2199 Quasi†
350 2147 477 2201 lupus
498 2148 697 2197 esuriens,
718 2148 853 2189 metui
874 2161 927 2189 ne
947 2148 993 2188 in
1014 2162 1082 2189 me
1103 2149 1257 2189 faceret
1278 2147 1483 2200 inpetum,

208 2275 275 2306 118
300 2271 406 2306 Vude
422 2272 460 2307 J.
563 2272 708 2318 Sponde
732 2273 805 2313 BJ,
825 2273 997 2318 Sponden
1021 2273 1100 2307 C'ocl.
1119 2273 1213 2306 Μίη.
1314 2275 1380 2306 120
1405 2271 1479 2305 Cur
1495 2282 1627 2316 aquam

160 2332 309 2373 optume
326 2332 427 2372 petes
451 2327 488 2361 J.

207 2382 490 2417 C'mnnwncement
507 2381 546 2425 of
557 2393 579 2414 a
596 2392 669 2414 new
683 2393 773 2415 scene
793 2381 833 2415 in-
851 2381 922 2424 BJ,
940 2382 1024 2416 with
1041 2381 1190 2425 herulinss
1208 2380 1423 2414 PARAslrvs
1439 2380 1479 2413 ‘in
1497 2379 1539 2422 Β,
1557 2379 1629 2412 and

160 2435 382 2471 illuminated
397 2436 489 2469 letter
508 2435 524 2469 I
543 2436 583 2469 in
599 2436 637 2470 J.
691 2439 707 2469 l
734 2435 851 2469 habiit
870 2436 920 2469 mi
939 2436 976 2470 J.
1052 2447 1271 2469 remsumam
1289 2435 1326 2469 J.
1390 2433 1571 2478 cybariam
1589 2433 1628 2468 J.

162 2493 184 2524 2
201 2490 265 2524 Dii
281 2489 323 2524 J.
372 2490 445 2523 iam
462 2501 527 2523 om.
547 2490 583 2523 J.
634 2490 874 2535 pertruncabo
891 2491 929 2525 J.
980 2490 1182 2535 tergoribus
1199 2490 1270 2533 BJ,
1284 2488 1466 2534 tegoribus
1487 2488 1515 2521 T
1518 2487 1628 2521 urneb.

163 2547 185 2580 3
201 2544 265 2578 lar.
282 2544 344 2578 ido
360 2543 403 2578 J.
499 2546 521 2576 4
547 2544 690 2586 Quanto
707 2545 744 2579 J.
819 2544 1041 2579 absumendo
1059 2545 1130 2579 BJ.
1199 2549 1335 2589 quanto
1355 2548 1453 2586 (corr.
1473 2547 1504 2576 to
1522 2545 1573 2585 -a)
1593 2544 1630 2576 J.

198 2598 291 2633 collo
304 2598 345 2632 Β.
395 2601 416 2632 5
440 2597 610 2632 lassitado
627 2599 665 2633 J.
715 2599 925 2644 portinariis
939 2599 978 2633 B.
1032 2600 1050 2632 7
1069 2625 1170 2633 .....
1192 2607 1389 2632 BOUTPROP
1406 2621 1628 2630 ..........

163 2661 508 2688 RAMUTIUSDICAML
522 2677 616 2685 .....
632 2653 678 2696 A,
692 2652 752 2686 ibo
766 2657 808 2686 ut
821 2655 991 2698 pre-(-ae-
1006 2653 1036 2686 J
1040 2652 1231 2695 >secturam
1246 2657 1279 2685 et
1294 2652 1350 2685 ius
1364 2651 1434 2693 BJ‚
1453 2661 1631 2695 properem

163 2707 204 2740 in
221 2706 480 2752 praefecturam
504 2707 606 2751 Gepp.
749 2709 770 2741 8
795 2707 879 2740 inde
897 2712 980 2740 nate
1005 2707 1048 2749 Β,
1074 2707 1328 2751 i11‹h·111pnatae
1353 2705 1390 2739 J.
1509 2704 1631 2750 pernis

164 2761 406 2860 auffllileffitss
426 2815 459 2850 J
457 2841 465 2866 .’
489 2826 582 2849 room
598 2814 695 2860 beiny
713 2815 770 2860 left
789 2819 821 2849 to
830 2815 891 2859 fill
908 2815 947 2849 in«
965 2826 1012 2848 αη
1029 2814 1254 2849 illuminated
1273 2814 1374 2848 letter.
1453 2812 1576 2858 diique
1593 2811 1630 2846 J.

166 2873 188 2905 2
211 2874 292 2916 post
308 2869 401 2904 hanc
424 2869 467 2913 B,
492 2874 574 2915 post
590 2868 656 2904 hac
680 2869 718 2905 J.
816 2872 838 2904 :3
862 2869 987 2904 Cladis
1011 2869 1052 2903 B.
