1958 3239
202 745 286 786 410

203 1554 287 1595 420

308 233 364 274 40
939 239 1040 271 ‘PLA
1053 238 1139 270 VT!
1475 227 1526 281 [11
1549 227 1583 268 3.
1605 226 1775 268 44-66

422 336 621 391 Beneque
643 350 711 378 ero
731 335 909 391 gessisse
930 349 1090 376 morem
1110 335 1155 375 in
1176 328 1308 376 tantis
1330 334 1541 375 aerumnis
1562 338 1717 383 tamen,

421 405 573 459 Neque
587 405 719 458 me[d]
736 418 939 458 umquam
952 403 1185 444 deseruisse
1198 402 1240 444 te
1254 417 1391 456 neque
1404 403 1528 444 factis
1544 402 1681 456 neque
1694 402 1777 443 fide

421 472 563 514 Rebus
583 473 630 513 in
651 472 802 521 dubiis,
825 472 976 526 egenis.
1036 470 1139 511 haec
1157 475 1277 524 pater
1298 469 1467 524 quando
1488 470 1604 519 sciet,
1719 470 1774 511 46

420 540 626 594 Tyndare,
647 544 696 580 ut
717 539 846 580 fueris
867 539 1080 579 animatus
1103 538 1199 592 erga
1219 552 1339 579 suom
1360 542 1536 592 gnatum
1557 537 1685 590 atque
1706 551 1762 587 se,

419 607 668 661 Numquam
689 607 769 648 erit
788 612 877 647 tam
902 606 1065 655 auarus,
1087 606 1193 660 quin
1213 610 1255 647 te
1275 605 1421 659 gratiis
1442 605 1588 646 mittat
1607 619 1747 646 manu.

422 666 477 715 Et
497 688 591 715 mea
611 688 745 728 opera,
768 675 804 715 si
825 675 925 715 hinc
945 675 1091 723 rebito,
1112 674 1264 715 faciam
1285 678 1334 714 ut
1354 674 1481 714 faciat
1501 673 1691 714 facilius:

419 743 463 782 N
464 742 533 783 am
554 747 628 782 tua
648 755 773 794 opera
793 746 835 782 et
856 740 1054 782 comitate
1076 745 1118 782 et
1139 741 1298 781 uirtute
1319 746 1362 781 et
1382 740 1591 794 sapientia
1723 742 1776 782 50

420 809 577 850 Fecisti
597 813 646 849 ut
665 809 800 849 redire
821 808 947 849 liceat
968 808 1021 848 ad
1042 808 1229 861 parentis
1250 807 1399 856 denuo,

421 874 561 926 Quom
580 875 693 929 apud
714 875 827 916 hunc
849 875 1065 916 confessus
1087 889 1130 916 es
1152 879 1195 916 et
1214 875 1346 930 genus
1369 880 1412 917 et
1432 875 1606 917 diuitias
1629 890 1765 918 meas:

419 942 512 993 Quo
533 948 656 997 pacto
678 943 858 984 emisisti
879 957 900 984 e
922 943 1078 984 uinclis
1100 942 1220 984 tuom
1241 957 1359 984 eruin
1380 948 1454 984 tua
1475 943 1694 997 sapientia.

306 1012 382 1053 PH.
418 1013 453 1052 F
455 1011 518 1053 eci
539 1025 613 1066 ego
633 1012 695 1052 ita
717 1016 766 1052 ut
785 1010 1086 1060 conmemoras‚
1107 1016 1150 1052 et
1170 1016 1212 1052 te
1240 1010 1484 1053 meminisse
1504 1011 1549 1052 id
1569 1012 1778 1067 gratumst

1165 1076 1282 1117 mihi.
1723 1079 1778 1119 54

421 1144 499 1185 Sed
514 1144 664 1185 merito
680 1144 760 1185 tibi
777 1157 825 1185 ea
841 1143 1077 1185 euenerunt
1092 1144 1117 1185 a
1132 1157 1211 1186 me.
1247 1158 1346 1185 nam
1363 1159 1488 1194 nunc,
1506 1144 1779 1195 Philocrates,

421 1212 467 1253 Si
487 1226 563 1266 ego
582 1212 686 1253 item
706 1211 935 1253 memorem
957 1225 1064 1265 quae
1086 1226 1154 1253 me
1175 1226 1271 1267 erga
1290 1211 1427 1253 multa
1447 1213 1584 1254 fecisti
1605 1214 1721 1262 bene,

420 1279 519 1321 Nox
541 1281 653 1321 diem
674 1280 857 1321 adimat:
888 1280 988 1321 nam
1009 1281 1045 1321 si
1066 1294 1209 1321 seruos
1230 1281 1290 1321 mi
1311 1280 1434 1330 esses,
1456 1281 1591 1322 nihilo
1613 1280 1745 1323 setius

423 1341 713 1402 Obsequiosus
734 1347 841 1388 mihi
860 1348 982 1389 fuisti
1002 1347 1175 1401 semper.

1083 1416 1165 1456 HE.
1197 1416 1256 1456 Di
1277 1416 1465 1457 uestram
1485 1416 1624 1466 fidem,

422 1483 661 1525 Hominum
676 1484 896 1538 ingenium
911 1483 1084 1524 liberale
1100 1487 1106 1524 1
1136 1488 1183 1524 ut
1196 1483 1404 1525 lacrumas
1421 1484 1646 1526 excutiunt
1661 1485 1779 1528 mihi.

422 1553 580 1594 Videas
597 1552 718 1593 corde
733 1552 873 1593 amare
888 1552 1001 1593 inter
1017 1565 1076 1593 se:
1107 1552 1278 1605 quantis
1299 1566 1420 1594 suom
1441 1567 1559 1594 erum
1579 1553 1778 1596 laudibus

423 1620 574 1662 Se'ruos
596 1619 878 1661 conlaudauit.
1723 1624 1775 1663 61

775 1689 847 1729 TY.
879 1687 1040 1742 Edepol
1060 1688 1157 1729 istic
1178 1702 1245 1729 me
1267 1688 1380 1729 haud
1401 1689 1720 1730 centensumam

421 1755 591 1797 Partem
610 1755 768 1804 laudat,
784 1770 913 1809 quam
933 1756 1024 1809 ipse
1045 1756 1243 1797 meritust
1263 1755 1312 1797 ut
1332 1757 1529 1797 laudetur
1548 1757 1757 1800 laudibus.

308 1824 389 1864 HE.
425 1814 532 1877 Ergo
554 1837 682 1877 quom
704 1823 876 1877 optume
898 1824 1047 1873 fecisti,
1069 1823 1183 1864 nunc
1204 1824 1323 1865 adest
1344 1825 1505 1865 occasio

422 1891 651 1932 Benefacta
674 1891 900 1941 cumulare,
922 1896 971 1931 ut
994 1906 1090 1946 erga
1111 1892 1225 1933 hunc
1246 1891 1334 1933 rem
1354 1906 1472 1947 geras
1494 1892 1683 1934 fideliter.

308 1961 385 2000 PH.
422 1959 561 2013 Magis
597 1973 682 2000 non
718 1960 878 2000 sactum
913 1958 1087 2013 possum
1123 1960 1233 2001 uelle
1269 1974 1398 2013 quam
1430 1959 1555 2014 opera
1587 1962 1778 2015 experiar

1167 2027 1365 2081 persequi
1380 2044 1388 2068 :
1721 2032 1774 2072 65

424 2081 475 2136 id
495 2099 544 2135 ut
564 2094 681 2143 scias,
704 2094 852 2136 Iouem
873 2108 1119 2149 supremum
1140 2095 1293 2137 testem
1314 2095 1452 2146 laudo,
1473 2096 1622 2151 Hegio,

353 2286 399 2317 44
424 2283 610 2329 erumpnis
626 2283 661 2317 J.
721 2285 766 2317 45
792 2282 875 2317 med
892 2283 935 2326 B,
960 2294 1018 2318 me
1035 2283 1071 2317 J.
1134 2285 1179 2318 48
1204 2283 1329 2329 gratiis
1347 2284 1489 2319 emittat
1506 2285 1649 2329 BD(S),
1667 2285 1778 2331 gratis

307 2339 449 2372 emittat
460 2338 496 2381 J,
508 2338 632 2383 gratiis
643 2337 765 2371 mittat
777 2337 895 2381 Lind„
910 2338 1010 2382 (ἔφη).
1045 2340 1090 2372 49
1105 2363 1114 2372 .
1125 2338 1136 2372 2
1148 2350 1163 2372 s
1174 2349 1253 2372 luca
1264 2339 1304 2373 J.
1339 2342 1383 2373 53
1398 2339 1556 2373 uinculis
1566 2340 1634 2383 BJ,
1647 2339 1778 2374 uinclis

306 2393 438 2436 Lamb„
453 2393 549 2426 Bcnt.
601 2395 646 2427 54
665 2392 796 2426 Fecisti
813 2393 848 2427 J.
883 2393 952 2426 ista
969 2393 1039 2437 HJ,
1058 2393 1108 2427 ita
1119 2393 1174 2427 Fl.
1227 2396 1270 2427 55
1285 2394 1349 2427 Sed
1366 2394 1424 2428 ΒΓ.
1476 2395 1520 2429 57
1534 2406 1659 2428 sci-uus
1676 2406 1777 2429 lucus

307 2459 398 2482 esses
417 2447 485 2490 BJ,
511 2459 630 2481 seruos
648 2447 699 2481 nii
717 2458 809 2481 esses
833 2447 945 2489 Beni„
964 2447 1070 2481 Lind.
1153 2450 1197 2481 58
1224 2447 1318 2482 Mihi
1339 2448 1464 2493 (michi
1481 2449 1510 2482 J
1514 2450 1525 2492 )
1545 2449 1778 2495 obsequiosus

307 2514 446 2548 semper
463 2501 564 2535 fuisti
581 2502 650 2544 HJ,
670 2501 753 2536 Obs.
769 2513 816 2535 m.
836 2501 857 2535 f.
878 2513 903 2535 s.
923 2502 1021 2535 Both.
1123 2502 1174 2535 dii
1193 2502 1228 2536 J.
1311 2505 1355 2537 59
1381 2503 1571 2537 hominum
1589 2504 1777 2549 ingenium

307 2557 436 2601 belonys
454 2561 484 2591 to
503 2557 554 2591 the
567 2557 747 2601 preceding]
765 2556 833 2590 line
851 2557 890 2590 in
908 2556 984 2599 BJ;
1011 2556 1082 2590 and
1099 2557 1274 2601 similarly
1293 2557 1343 2591 the
1358 2557 1439 2601 first
1459 2562 1520 2591 two
1539 2559 1645 2592 words
1667 2559 1705 2592 in
1726 2559 1777 2592 the

306 2615 382 2645 nest
403 2612 480 2645 line.
671 2614 716 2646 60
740 2611 886 2656 quantis
904 2610 1074 2645 laudibus
1092 2623 1198 2645 suum
1217 2623 1318 2645 erum
1337 2623 1461 2646 seruus
1479 2613 1590 2656 B(S)‚
1631 2613 1779 2659 quantis

307 2667 473 2701 laudauit
490 2678 596 2700 suum
614 2666 743 2701 herum
768 2677 892 2700 seruus
916 2667 953 2709 J,
978 2667 1125 2712 quantis
1142 2678 1245 2700 suom
1271 2679 1372 2701 crum
1390 2667 1561 2702 laudibus
1587 2669 1697 2711 Rem„
1716 2668 1776 2702 Br.

308 2725 350 2756 61
379 2722 612 2755 Collaudauit
642 2721 746 2755 PHIL.
767 2721 828 2767 pol
855 2721 924 2755 BJ.
1022 2721 1158 2767 Edepol
1186 2721 1249 2755 Br.
1413 2724 1646 2758 centesimam
1673 2724 1776 2768 Bffi),

309 2776 558 2810 centussimam
582 2777 620 2811 J.
797 2778 842 2809 62
869 2776 1013 2809 Partem
1031 2776 1160 2820 belonys
1179 2781 1210 2810 to
1229 2776 1280 2810 the
1293 2777 1473 2822 preceding}
1492 2778 1559 2812 linc
1578 2779 1617 2812 *in
1642 2779 1716 2823 B(S
1726 2779 1775 2818 )J.

309 2833 355 2865 63
381 2835 515 2875 optuuc
532 2830 566 2864 J.
711 2833 756 2864 66
781 2842 1018 2875 suppremum
1037 2831 1075 2864 R.
1213 2836 1340 2865 testem
1359 2831 1404 2865 ‹lo
1426 2832 1540 2877 Hegio
1566 2833 1607 2876 R,
1649 2837 1777 2867 testem

309 2884 356 2919 do
375 2884 463 2929 Egio
489 2885 525 2927 J,
570 2888 697 2919 testoni
715 2884 824 2919 laudo
844 2885 932 2931 Egio
958 2885 1108 2929 Nonius,
1151 2890 1278 2921 testem
1296 2885 1404 2921 laudo
1424 2887 1451 2921 O
1470 2887 1586 2933 Hegio
1604 2887 1701 2922 Dent.
