1958 3239
53 471 137 513 160

52 1149 136 1195 170

56 2235 139 2276 180

159 237 175 268 1
195 227 231 269 2.
252 227 443 282 49—71]
789 238 1001 271 CAPTJVJ.
1574 234 1627 274 29

158 333 241 375 HE.
271 334 370 375 Non
389 333 462 388 p61
482 333 766 375 mirandumst
785 333 966 389 fugitare
986 335 1097 377 hanc
1117 336 1391 390 prouinciam.

271 402 425 443 Multis
445 407 489 443 et
508 401 860 456 multigeneribus
881 416 986 457 opus
1009 402 1073 444 est
1092 404 1173 445 tibi
1572 406 1626 446 50

270 468 509 510 Militibus:
538 469 829 522 primumdum
850 468 956 524 dpus
978 475 1043 512 est
1063 471 1401 513 Pistorensibus:

269 535 427 577 Eorum
448 541 549 578 sunt
569 536 733 590 aliquot
752 536 905 592 genera
925 538 1255 581 Pistorensium:

270 604 389 657 Opus
410 603 474 645 est
495 604 702 653 Paniceis‚
723 603 828 658 opus
850 605 1112 648 Placentinis
1134 621 1314 661 quoque,

270 671 388 725 Opus
409 670 672 720 Turdetanis,
694 670 800 726 dpus
820 677 886 714 est
906 673 1256 716 Ficedulensibus
1274 694 1283 716 :

269 739 363 779 Iam
383 738 601 780 maritumi
622 753 768 781 omnes
790 741 948 782 mssites
969 755 1074 795 opus
1097 741 1198 783 sunt
1217 743 1308 783 tibi.
1574 745 1626 784 55

152 807 229 849 ER.
268 807 330 848 Vt
350 806 474 861 saepe
495 821 661 848 summa
681 807 850 863 ingenia
871 809 915 849 in
937 808 1102 850 ocoultd
1122 810 1281 852 latent:

269 875 355 916 Hic
375 875 513 929 qualis
535 875 763 929 imperator
783 890 897 918 nunc
917 877 1110 930 priuatus
1132 883 1207 919 est.

154 942 235 984 ΗΕ.
269 943 392 985 Habe
412 942 537 984 modo
557 944 717 984 bonum
738 945 940 993 animum,
962 959 1061 986 nam
1082 946 1206 986 sslum
1227 945 1391 987 confido
1412 947 1587 987 domum

269 1011 322 1051 In
343 1011 411 1052 h1's
432 1011 581 1052 diebus
602 1011 670 1052 me
690 1012 1036 1054 reconcih'aissere.

268 1079 382 1119 Nam
403 1092 548 1120 eccum
569 1079 638 1120 hl'c
659 1079 876 1133 captiuom
897 1079 1213 1122 adulescentem
1235 1066 1393 1123 Aleum
1573 1082 1627 1123 60

270 1146 530 1201 Prognatum
549 1160 700 1201 genere
721 1146 887 1188 summo
907 1153 950 1188 et
971 1149 1149 1190 summis
1171 1149 1312 1190 ditiis:

271 1214 366 1255 Hoc
385 1214 509 1254 filum
531 1227 600 1255 me
620 1214 785 1256 mutare
806 1215 970 1257 confid6
990 1216 1090 1258 fore.

153 1282 229 1324 ER.
271 1283 339 1324 Ita
360 1282 404 1323 d1'
425 1282 612 1336 deaeque
633 1282 782 1323 faxint.

730 1351 811 1392 HE
845 1351 928 1392 Sed
948 1365 1053 1392 num
1073 1350 1158 1405 quo'
1179 1352 1289 1394 foras

269 1418 459 1460 Vocatus
481 1432 519 1459 es
538 1418 592 1459 ad
613 1418 792 1460 cenam?

727 1487 802 1528 ER.
834 1487 1071 1541 Nusquam,
1093 1486 1206 1542 qu6d
1227 1488 1368 1529 sciam.

271 1554 354 1596 Sed
375 1553 479 1608 qul'd
499 1558 548 1595 tu
568 1553 614 1594 id
634 1555 832 1608 quaeris?

729 1623 810 1664 ΗΕ.
843 1623 954 1674 Quia
973 1624 1075 1665 mist
1096 1624 1251 1665 natalis
1273 1623 1386 1665 dies:
1575 1625 1628 1665 65

272 1689 499 1745 Propterea
519 1694 560 1732 te
581 1690 724 1732 uocari
745 1691 798 1732 ad
818 1705 886 1733 me
907 1691 961 1733 ad
982 1692 1137 1737 cenam
1151 1691 1260 1733 uolo.

155 1759 231 1800 ER.
273 1758 426 1800 Facete
447 1758 621 1800 dictum.

557 1827 638 1867 ΗΕ.
671 1826 754 1868 Se'd
774 1827 811 1869 si
831 1826 1065 1881 pausillum
1086 1832 1207 1882 potes

273 1893 511 1936 Contentus
533 1907 633 1936 esse.

559 1963 633 2004 ER.
665 1962 732 2005 Ne
754 1963 1062 2018 perpausillum
1082 1964 1231 2005 modo:

272 2031 385 2073 Nam
406 2029 512 2073 istoc
533 2045 600 2073 me
621 2031 798 2073 adsiduo
819 2032 939 2074 uictu
960 2031 1124 2074 delecto
1145 2032 1270 2073 domi.

158 2100 241 2142 ΗΕ.
272 2100 362 2155 Age
382 2100 439 2141 sis
460 2113 568 2154 roga.

501 2168 576 2209 ER.
609 2167 826 2221 Emptum,
848 2168 933 2209 nisi
954 2168 1028 2222 qui
1049 2168 1265 2209 meliorem
1287 2166 1448 2209 adferet
1577 2166 1632 2210 70

275 2236 392 2286 Quae
412 2236 473 2277 mi
493 2235 620 2289 atque
642 2235 790 2277 amieis
810 2235 977 2290 placeat
997 2234 1189 2278 condicid
1210 2236 1367 2290 magis:

206 2382 252 2414 50
275 2379 384 2414 multi
402 2378 594 2425 generibus
610 2378 646 2412 J.
713 2381 755 2413 51
775 2379 936 2425 primum
950 2379 1039 2413 dum
1051 2379 1089 2413 J.
1155 2381 1200 2414 53
1218 2378 1319 2424 Opus
1332 2377 1546 2423 paniceisest
1562 2377 1632 2419 BJ,

159 2434 201 2470 Ο.
214 2446 241 2469 e.
254 2445 288 2480 p.
306 2434 382 2469 Cocl.
396 2434 492 2468 Min.
554 2436 600 2467 54
615 2433 813 2468 tardetauis
826 2434 863 2468 J.
929 2437 973 2468 55
991 2434 1073 2468 mili
1085 2460 1093 2468 .
1105 2438 1159 2468 tes
1171 2434 1211 2468 J.
1274 2435 1318 2467 58
1336 2432 1428 2466 habe
1442 2431 1580 2466 bonum
1592 2432 1631 2467 J.

159 2500 205 2532 59
229 2498 446 2533 reoonciasse
464 2495 555 2522 velre
580 2495 616 2530 J.
682 2498 728 2530 60
752 2495 1046 2530 adhulescentem
1067 2492 1337 2539 (adhulescente
1356 2494 1404 2537 D)
1424 2493 1538 2527 alium
1552 2492 1632 2535 BD,

158 2552 421 2587 adolescentem
438 2552 554 2587 alium
566 2557 620 2582 per
632 2550 775 2576 anensem
794 2551 829 2585 J.
927 2554 969 2585 61
997 2549 1139 2584 diuitiis
1156 2549 1224 2583 BJ.
1338 2551 1383 2582 62
1408 2547 1480 2581 fere
1497 2559 1581 2581 corr.
1601 2551 1634 2581 to

159 2607 235 2642 fore
250 2607 287 2642 J.
360 2610 405 2642 63
429 2607 586 2654 dideque
603 2608 646 2651 B,
664 2607 717 2641 dii
734 2607 893 2652 daequae
909 2605 947 2639 J.
1024 2615 1176 2649 nunquo
1194 2615 1276 2637 corr.
1296 2602 1338 2647 by
1354 2602 1471 2636 second
1487 2601 1583 2635 hami
1601 2605 1634 2635 to

159 2673 349 2707 mmquam
365 2662 400 2696 J.
464 2665 509 2696 64
533 2674 565 2696 es
583 2662 716 2705 Lamh„
730 2662 828 2696 Bene.
891 2663 935 2694 65
960 2659 1050 2705 quid
1068 2659 1133 2692 diu
1150 2657 1187 2692 id
1204 2658 1240 2692 J.
1308 2659 1353 2691 66
1378 2656 1498 2690 uocari
1516 2655 1562 2690 ad
1580 2661 1633 2690 cte

160 2715 206 2750 ad
222 2727 307 2750 nam
321 2716 353 2750 B
372 2717 438 2761 (i.e.
453 2715 499 2750 ad
516 2728 568 2749 me
581 2716 627 2749 acl
645 2716 789 2759 cenam),
807 2714 926 2748 uocari
945 2713 1117 2747 aduenam
1133 2712 1169 2745 J.
1267 2712 1310 2745 67
1336 2709 1543 2756 pauxillum
1561 2711 1631 2745 BJ,

161 2763 207 2808 6‘8
232 2771 471 2816 Contemptus
483 2771 630 2813 BD(S).
697 2768 967 2816 perpauxillum
986 2768 1058 2803 BJ,
1125 2769 1169 2801 69
1195 2777 1291 2799 meas
1308 2766 1336 2799 si
1354 2765 1427 2799 duo
1445 2765 1565 2807 (siduo
1579 2765 1631 2807 D)

162 2827 310 2871 BD(S).
360 2827 499 2861 70—72
523 2825 707 2860 continued
725 2829 757 2859 to
774 2825 895 2868 Erqas.
912 2824 950 2858 in
969 2823 1037 2866 BJ,
1066 2821 1137 2856 HE.
1157 2822 1234 2866 Age
1252 2821 1299 2854 sis
1312 2831 1406 2866 roga.
1434 2820 1500 2854 ER.
1520 2819 1631 2866 Emp—

163 2888 245 2918 tum
260 2881 368 2916 Lind.
446 2881 491 2916 70
515 2880 585 2916 Aje
601 2881 644 2916 B.
711 2885 838 2927 eptum
853 2879 890 2914 J.
987 2879 1029 2913 71
1058 2875 1170 2911 michi
1186 2877 1223 2911 J.
