1958 3239
657 505 1109 554 PROLOGVS.

268 793 358 834 Hos
380 792 485 847 quos
506 793 662 835 uidetis
683 794 792 836 stare
813 794 883 835 hie
904 793 1094 848 captiuos
1116 794 1231 842 duos,

267 860 374 905 †Illi
396 862 469 915 qui
491 867 643 909 astant,
663 862 710 902 hi
731 867 846 903 stant
867 863 1001 910 ambo,
1023 876 1108 903 non
1129 862 1286 903 sedent.

267 929 361 969 Hoc
382 927 457 969 uos
479 929 586 969 mihi
607 934 737 971 testes
759 928 860 970 estis
882 943 949 970 me
970 928 1119 970 uerum
1140 929 1266 982 loqui.

268 995 405 1037 Senex
426 997 500 1049 qui
521 996 590 1037 hic
609 997 786 1045 habitat,
810 996 956 1051 Hegio,
980 1002 1043 1038 est
1063 995 1190 1037 huius
1211 1001 1341 1050 pater.

268 1064 350 1104 Sed
371 1064 406 1105 1's
429 1077 512 1117 quo
533 1069 655 1117 pacto
676 1063 833 1105 seruiat
854 1078 929 1105 suo
951 1064 1032 1105 sibi
1052 1064 1173 1117 patri,
1593 1062 1617 1101 5

268 1131 319 1171 Id
341 1144 416 1185 ego
437 1131 505 1172 hic
527 1131 640 1184 apud
661 1145 736 1172 uos
756 1130 992 1185 proloquar,
1014 1131 1051 1172 si
1071 1130 1241 1184 operam
1262 1130 1383 1171 datis.

267 1198 367 1239 Seni
387 1198 487 1239 huic
509 1199 680 1239 fuerunt
700 1199 782 1239 fssii
804 1199 895 1240 nati
915 1200 1021 1240 duo:

265 1265 462 1307 Alterum
486 1266 755 1319 quadrimum
775 1266 955 1320 puerum
976 1280 1119 1308 seruos
1140 1265 1309 1319 surpuit

264 1333 460 1386 Eumque
480 1333 581 1374 hinc
601 1334 844 1388 profugiens
866 1334 1061 1375 uendidit
1081 1334 1127 1374 in
1148 1319 1276 1374 Alide

265 1400 383 1441 Patri
403 1400 588 1441 huiusce.
649 1401 730 1441 iam
754 1400 832 1442 hoc
853 1402 1040 1442 tenetis?
1070 1399 1345 1454 optumumst.
1567 1400 1618 1440 10

266 1467 406 1522 Negat
425 1467 566 1509 hercle
586 1468 659 1509 ille
680 1467 882 1510 ultumus.
943 1468 1139 1510 acoe'dito.

267 1535 312 1576 Si
334 1533 418 1575 non
439 1535 513 1575 ubi
534 1536 678 1577 sedeas
699 1535 816 1578 locus
838 1541 914 1585 est,
936 1542 1001 1578 est
1020 1537 1096 1577 ubi
1116 1535 1318 1583 ambules,

267 1603 446 1652 Quando
466 1602 714 1644 histrionem
737 1602 849 1659 cogis
871 1604 1157 1645 mendicarier.

265 1671 354 1724 Ego
374 1669 441 1711 me
463 1675 536 1711 tua
557 1684 694 1720 eausa,
715 1686 769 1712 ne
790 1671 911 1720 erres,
933 1685 1017 1712 non
1038 1670 1240 1725 rupturus
1261 1684 1366 1711 sum.

265 1738 354 1779 Vos
375 1738 450 1791 qui
470 1739 647 1791 potestis
669 1737 746 1792 ope
768 1744 911 1780 uostra
931 1738 1138 1780 censerier
1568 1738 1617 1778 15

264 1805 460 1859 Accipite
481 1805 706 1846 relicuom:
737 1806 875 1847 alieno
896 1807 961 1847 uti
982 1806 1045 1846 m'l
1066 1819 1214 1846 moror.

267 1873 487 1927 Fugitiuos
509 1873 592 1921 ille,
614 1879 662 1913 ut
683 1873 872 1914 dixeram
893 1879 1002 1922 ante,
1023 1872 1150 1914 huius
1170 1873 1282 1926 patri

267 1941 405 1981 Domo
426 1940 552 1994 quem
573 1941 816 1995 profugiens
837 1941 1058 1982 dominum
1079 1941 1322 1988 abstulerat,
1343 1939 1547 1982 uendidit.

268 2008 312 2049 Is
333 2006 558 2062 postquam
579 2008 693 2049 hunc
715 2009 828 2058 emit,
850 2009 967 2050 dedit
987 2023 1085 2051 eum
1105 2009 1205 2050 huic
1224 2007 1352 2063 gnato
1373 2022 1449 2049 suo

269 2075 540 2123 Peculiarem‚
561 2076 661 2129 quia
681 2077 802 2129 quasi
823 2090 910 2117 una
929 2077 1046 2118 aetas
1067 2082 1165 2118 erat.
1567 2077 1620 2116 20

269 2143 354 2184 Hic
374 2142 487 2184 nunc
508 2143 622 2184 domi
643 2144 774 2185 seruit
795 2143 870 2185 suo
890 2145 1002 2198 patri
1022 2158 1100 2185 nec
1120 2144 1201 2186 scit
1220 2150 1363 2198 pater:

265 2210 494 2252 Enimuero
515 2211 558 2251 di
579 2224 655 2252 nos
677 2211 798 2265 quasi
819 2213 926 2266 pilas
947 2211 1139 2253 homines
1159 2212 1328 2254 habent.

266 2277 492 2319 Rationem
512 2278 688 2327 habetis,
712 2278 795 2332 quo
817 2279 940 2320 modo
961 2293 1095 2320 unum
1119 2280 1317 2320 amiserit.

266 2345 498 2400 Postquam
520 2346 770 2400 belligerant
792 2332 936 2387 Aetoli
957 2360 1052 2387 cum
1075 2332 1206 2395 Aleis,

201 2449 405 2484 PROLOGVS
431 2459 658 2485 mcff‘rwos
685 2450 830 2485 PLAv'rr
855 2451 893 2486 J.
1021 2454 1036 2485 1
1066 2450 1224 2497 Capffiui,
1242 2451 1426 2496 Captiuos,
1443 2455 1501 2485 etc.
1522 2451 1551 2485 is
1569 2451 1621 2485 the

152 2503 298 2549 spellinq
314 2503 353 2548 of
365 2504 394 2538 J
409 2504 624 2548 throughout.
722 2507 743 2539 2
767 2510 864 2539 stant
887 2505 923 2539 J.
990 2505 1111 2540 ambio
1129 2505 1167 2540 J.
1233 2508 1255 2539 3
1283 2505 1360 2539 Hos
1376 2516 1440 2539 uos
1458 2505 1514 2548 13¹,
1542 2505 1621 2539 Hoc

154 2569 220 2593 uos
235 2558 294 2602 13²²,
318 2584 326 2592 .
339 2570 378 2593 os
394 2570 484 2605 quos
499 2559 535 2593 J.
601 2559 703 2594 testis
720 2559 761 2594 B.
857 2562 879 2594 4
896 2560 959 2605 qui
977 2559 1117 2594 habitat
1134 2560 1169 2594 J.
1242 2562 1264 2593 8
1281 2559 1469 2605 surrupuit
1485 2559 1526 2601 B,
1544 2570 1619 2593 sur-

154 2612 269 2659 ripuit
284 2613 322 2656 J,
340 2613 482 2659 surpuit
502 2613 635 2657 Lamh„
652 2614 749 2647 Bent.
847 2616 869 2648 9
887 2614 1028 2659 fugiens
1043 2614 1081 2647 J.
1161 2613 1282 2648 aulide
1299 2613 1335 2647 J.
1435 2616 1474 2647 ll
1503 2613 1622 2658 Negat

153 2666 333 2702 mehercle
349 2666 413 2701 ille
424 2666 590 2702 ultumus
605 2680 612 2702 :
636 2667 810 2702 discedito
823 2667 922 2702 Bent.
938 2680 981 2701 on
996 2667 1065 2701 Ter.
1079 2667 1120 2701 H
1119 2680 1140 2701 α
1146 2671 1191 2701 ut.
1205 2667 1296 2701 Prol.
1310 2670 1366 2709 31,
1385 2666 1538 2701 ultimus
1551 2667 1619 2701 BJ.

158 2724 203 2756 15
226 2721 428 2756 oensemier
442 2721 483 2756 J.
559 2724 601 2756 16
626 2721 805 2767 reliquom
822 2722 890 2757 BJ.
960 2724 1001 2756 18
1026 2721 1220 2767 profugens
1236 2721 1293 2764 3¹,
1311 2720 1518 2767 profugiens
1534 2721 1620 2756 B¹J.

158 2777 203 2809 19
228 2774 302 2809 Hic
319 2775 483 2819 BD(S)J‚
503 2775 539 2809 Is
555 2775 610 2809 Fl.
709 2779 754 2810 22
779 2776 844 2810 Est
865 2787 949 2811 uero
966 2776 1004 2810 di
1022 2787 1087 2810 nos
1105 2775 1251 2820 BD(S)‚
1277 2775 1343 2810 Est
1359 2787 1443 2810 vero
1460 2775 1565 2810 dinos
1580 2775 1619 2811 J.

158 2831 204 2864 24
228 2828 351 2864 Aetoli
369 2828 560 2864 cumalidis
576 2829 619 2874 B,
636 2829 829 2865 aetolicum
846 2830 979 2865 aulidis
995 2830 1030 2864 J.
