1958 3239
331 211 384 251 56
974 217 1062 248 PLA
1074 216 1156 248 ΥΤ]
1320 207 1390 260 [111
1413 208 1448 248 5.
1473 208 1660 248 105-Π
1684 207 1717 247 1.
1742 207 1794 247 13

446 314 577 364 Quasi
598 314 643 354 in
664 313 887 355 orbitatem
907 314 1060 354 liberos
1081 311 1360 367 produxerim.
1715 313 1794 353 105

446 383 629 435 Sequere
648 382 749 422 hac:
778 382 1005 422 redducam
1026 386 1069 421 te
1089 379 1164 420 ribi
1183 380 1314 420 fuisti.
1373 379 1556 420 neminis

445 448 640 490 Misereri
660 453 874 497 certumst,
896 449 996 501 qul'a
1015 448 1097 488 mis
1117 448 1289 488 miseret
1309 446 1532 488 neminem.

329 517 406 558 AR.
444 516 730 570 Exauspicaui
751 530 804 557 ex
825 516 1000 556 uinclis:
1030 529 1145 556 nunc
1165 514 1365 568 intellego

445 583 843 638 Redai'ispicandum
864 597 954 625 esse
974 583 1020 623 in
1041 588 1209 624 catenas
1231 581 1379 623 denuo.

832 981 1094 1030 ACTVS
1164 982 1289 1028 III.

779 1131 1032 1170 PARASITVS.
1093 1130 1345 1170 ERGASILVS.

329 1235 524 1290 Irippiter
545 1236 749 1291 supreme,
771 1250 912 1278 seruas
933 1236 999 1277 me
1021 1250 1220 1289 measque
1241 1234 1368 1289 auges
1390 1248 1513 1288 opes:

328 1305 554 1346 Maqumas
576 1305 810 1358 opimitatis
832 1303 1110 1358 epiparasque
1131 1303 1252 1344 offers
1275 1303 1404 1344 mihi:

227 1375 310 1419 770
329 1372 527 1421 Laudem,
547 1373 724 1421 lucrum,
744 1371 906 1421 ludum,
927 1373 1078 1420 iocum,
1099 1372 1389 1420 festim'tatem,
1410 1370 1546 1419 ferias,

329 1440 544 1493 Pompam,
566 1453 735 1493 penum,
756 1440 1007 1493 potationes,
1029 1439 1306 1487 saturitatem,
1327 1438 1539 1493 gaudium.

328 1507 419 1548 Nec
439 1508 668 1561 quoiquam
688 1508 852 1548 homini
872 1506 1110 1560 supplicare
1131 1506 1336 1548 nunciam
1357 1505 1560 1547 certumst
1580 1506 1710 1547 mihi:
1771 1507 1796 1546 5

329 1576 442 1616 Nam
463 1575 533 1616 uel
552 1575 749 1629 prodesse
769 1575 903 1616 amico
924 1589 1097 1628 possum
1118 1574 1188 1615 uel
1208 1575 1429 1615 inimicum
1449 1574 1633 1627 perdere.

330 1644 399 1684 Ita
419 1643 488 1684 h1'c
508 1657 576 1684 me
597 1643 853 1684 amoenitate
873 1656 1049 1684 amoena
1071 1642 1270 1683 amoenus
1293 1642 1484 1683 oneraui't
1505 1642 1618 1683 dies:

330 1711 430 1752 Sine
451 1711 578 1752 sacris
598 1710 877 1752 hereditatem
898 1724 991 1751 sum
1013 1710 1138 1764 aptus
1160 1710 1502 1751 ecferti'ssumam.

328 1779 454 1820 Nunc
475 1778 529 1819 aid
549 1791 691 1819 senem
714 1777 883 1819 cursum
904 1792 1119 1832 capessam
1139 1778 1253 1819 hunc
1276 1777 1523 1831 Hegionem,
1545 1778 1644 1831 quoi
1665 1778 1767 1818 boni

328 1847 512 1886 Tantum
525 1846 677 1895 edfero,
693 1851 901 1900 quantum
913 1846 1029 1899 ipsus
1042 1859 1066 1886 a
1080 1846 1145 1886 dis
1167 1844 1297 1899 eptat,
1311 1851 1439 1899 atque
1455 1845 1584 1886 etiam
1600 1845 1794 1899 emplius.

328 1914 454 1954 Nunc
476 1913 589 1954 certa
608 1927 673 1954 res
694 1920 769 1962 est,
791 1912 938 1954 eedem
958 1918 1081 1967 pacto
1102 1919 1151 1954 ut
1172 1912 1322 1954 cemici
1342 1913 1453 1954 senu'
1474 1913 1623 1962 solent,
1743 1915 1793 1954 11

329 1981 546 2023 Coniciam
566 1982 612 2021 in
633 1981 789 2022 collum
805 1981 996 2034 pellium,
1011 1981 1147 2034 primo
1169 1981 1221 2022 ex
1243 1994 1309 2022 me
1330 1981 1440 2021 hanc
1455 1994 1543 2021 rem
1559 1985 1608 2021 ut
1629 1980 1797 2022 audiat:

227 2053 309 2098 780
329 2048 541 2103 Speroque
562 2063 630 2091 me
651 2050 704 2090 ob
725 2049 838 2090 hunc
859 2048 1061 2089 nuntium
1082 2048 1299 2090 aeternum
1321 2047 1574 2102 adepturum
1595 2049 1747 2091 cibum.

377 2263 560 2295 105-109
570 2261 655 2305 four
672 2260 757 2294 lines
773 2261 807 2294 J.
884 2263 949 2294 105
976 2260 1069 2294 filios
1085 2260 1317 2307 perduxerim
1334 2261 1373 2296 J.
1450 2262 1515 2295 106
1540 2261 1707 2295 reducam
1725 2261 1794 2305 BJ‚

328 2315 519 2349 redducam
536 2316 570 2349 F
571 2316 591 2349 l.
694 2317 760 2350 107
785 2315 871 2361 quia
887 2315 1033 2349 miseret
1050 2315 1107 2358 B¹,
1141 2315 1227 2360 quia
1243 2315 1315 2349 mei
1332 2315 1477 2349 miseret
1501 2316 1587 2359 Bw,
1624 2316 1709 2361 quia
1726 2315 1796 2350 mis

328 2370 472 2404 miseret
488 2371 570 2404 Par.
593 2370 683 2415 (Lex.
702 2371 850 2415 Plana).
1042 2373 1108 2404 108
1136 2371 1166 2404 T
1165 2371 1204 2404 he
1212 2370 1294 2415 first
1312 2371 1399 2404 three
1416 2370 1523 2405 words
1539 2371 1678 2405 omitted
1695 2371 1735 2405 in
1752 2370 1792 2404 B.

398 2425 557 2459 uinculis
574 2425 609 2459 J.

377 2478 603 2514 ERGASILVS.
632 2479 858 2514 PARASI'er.
883 2479 920 2514 J.
1018 2483 1034 2513 1
1055 2491 1160 2525 supre
1178 2491 1235 2514 me
1253 2479 1288 2514 J.
1387 2482 1407 2513 2
1434 2479 1611 2514 Maximas
1623 2479 1796 2525 epimates

328 2534 386 2579 opi
405 2545 578 2579 parasque
595 2535 630 2569 J.
734 2538 754 2568 5
779 2546 877 2568 nunc
897 2534 943 2577 B,
968 2545 1026 2568 me
1043 2546 1140 2568 nunc
1158 2535 1193 2568 J.
1292 2535 1362 2568 iam
1385 2534 1484 2579 Gepp.
1584 2536 1603 2569 7
1630 2534 1796 2568 ouerauit

329 2588 418 2621 mihi
437 2589 479 2632 B,
506 2589 696 2623 honerauit
712 2589 763 2622 mi
780 2589 817 2623 J.
924 2591 944 2622 8
969 2589 1121 2634 adeptus
1139 2588 1400 2623 effertissimam
1418 2589 1454 2623 J.
1564 2592 1607 2623 10
1631 2589 1739 2623 offero
1757 2589 1794 2623 J.

399 2643 473 2688 ipse
491 2643 560 2687 BJ‚
578 2644 675 2690 ipsus
692 2644 781 2677 Reiz.
913 2643 1006 2677 adiis
1022 2644 1059 2678 J.
1208 2646 1250 2677 12
1275 2643 1404 2678 collam
1423 2644 1459 2678 J.
1603 2656 1679 2678 rem
1698 2645 1795 2689 ipsus

329 2697 450 2731 audiat
470 2698 568 2733 Bent.
713 2701 754 2733 13
779 2697 824 2733 ob
842 2697 909 2732 hoc
926 2698 961 2732 J.
