1958 3239
190 513 272 553 660

195 1247 277 1291 670

198 1986 281 2026 680

929 244 1019 276 ΡΜ
1032 244 1118 276 VTI
1462 235 1530 288 [111
1552 235 1588 276 5.
1613 235 1750 275 1—28

289 399 372 440 HE.
404 399 556 441 Inicite
576 400 675 441 huic
695 400 881 441 manicas
901 399 1088 440 dotatam
1108 398 1336 453 mastigiae.

303 2021 383 2061 ΗΕ.

366 2121 372 2129 .
414 2088 531 2128 Dum
552 2101 604 2129 ne
626 2086 679 2128 ob
699 2087 922 2129 malefacta
941 2088 1119 2141 peream,
1140 2089 1262 2142 parui
1283 2088 1483 2129 aestumo.

354 500 361 508 .
404 467 517 516 Quid
537 468 616 509 hoc
637 467 700 509 est
721 468 893 522 negoti?
924 467 1028 521 quid
1049 481 1123 521 ego
1145 466 1338 520 deliqui?

1272 534 1355 574 HE.
1387 534 1554 587 Rogas?

407 601 529 643 Sator
549 607 765 656 sartorque
785 602 991 644 scelerum
1012 607 1054 643 et
1075 616 1233 643 messor
1252 601 1463 642 maxume.

356 702 362 710 .
404 670 504 709 Non
524 668 757 711 occatorem
777 670 914 711 dicere
935 669 1117 711 audebas
1138 670 1254 723 prius
1271 671 1286 709 Ζ

409 737 519 776 Nam
540 736 704 790 semper
724 742 871 777 occant
891 738 1008 790 prius
1030 751 1158 790 quam
1179 736 1343 777 sariunt
1362 735 1520 777 rustici.

368 837 375 844 .
407 804 540 852 Attczt,
561 808 610 844 ut
630 803 887 844 confidenter
906 804 1012 843 mihi
1032 809 1177 845 contra
1197 803 1344 844 astitit.

356 902 365 912 .
405 871 541 911 Decet
560 871 830 911 innocentem
851 870 1016 911 seruom
1037 875 1164 924 atque
1185 869 1410 910 innoxium

410 938 705 978 Confidentem
728 951 828 986 esse,
850 951 970 979 suom
990 938 1104 991 apud
1126 952 1244 978 erum
1266 938 1561 991 potissumum.

358 1016 376 1046 ¹.
408 1005 642 1059 Astringite
663 1005 735 1046 isti
756 1005 880 1047 sultis
901 1005 1175 1046 uehementer
1194 1019 1356 1046 manus.

359 1106 366 1113 .
407 1071 517 1113 Tuos
539 1086 656 1123 sum3
685 1077 734 1113 tu
755 1073 830 1114 has
851 1073 1023 1126 quidem
1045 1074 1116 1114 uel
1135 1074 1319 1127 praecidi
1339 1074 1445 1114 iube.

411 1140 494 1181 Sed
514 1140 617 1193 quid
637 1141 849 1194 negotist?
880 1155 1009 1194 quam
1029 1140 1082 1182 ob
1102 1155 1192 1182 rem
1213 1141 1430 1182 suscenses
1452 1140 1589 1181 mihi?

370 1242 377 1249 .
410 1208 519 1257 Quia
540 1207 607 1249 me
628 1222 850 1261 meamque
871 1208 970 1257 rem,
992 1209 1105 1262 quod
1126 1210 1170 1249 in
1191 1214 1234 1250 te
1255 1207 1340 1249 uno
1361 1209 1454 1257 fuit,

410 1276 510 1316 Tuis
532 1275 721 1317 scelestis
742 1276 947 1317 falsidicis
968 1277 1148 1317 fallaciis

410 1343 719 1385 Delacerauisti
739 1344 1100 1397 deartuauisti'que
1121 1358 1232 1398 opes,

413 1411 645 1452 Confecisti
666 1412 803 1452 omnis
823 1411 889 1453 res
910 1426 958 1453 ac
977 1411 1160 1453 rationes
1182 1426 1309 1453 meas.

413 1479 482 1519 Ita
502 1479 562 1519 mi
583 1479 778 1520 exemisti
799 1480 1080 1520 Philocratem
1102 1480 1293 1521 fallaciis.

413 1547 544 1588 Illum
566 1546 655 1588 esse
676 1561 841 1588 seruom
863 1547 1032 1596 credidi,
1053 1551 1095 1588 te
1115 1548 1320 1588 liberum:

413 1616 482 1655 Ita
501 1613 667 1656 udsmet
688 1615 864 1656 aiebatis
886 1615 1029 1669 itaque
1050 1614 1223 1656 nomina

413 1681 532 1723 Inter
551 1696 626 1724 uos
647 1683 931 1736 permutastis.

871 1751 944 1792 TY.
976 1751 1128 1792 Fateor
1148 1749 1291 1791 omnia

413 1817 543 1859 Facta
564 1816 653 1859 esse
674 1817 735 1858 ita
755 1821 804 1858 ut
826 1822 872 1858 tu
893 1818 997 1860 dicis
1019 1823 1062 1860 et
1082 1818 1263 1860 fallaciis

413 1885 567 1926 Abisse
589 1899 685 1926 eum
706 1886 780 1926 abs
801 1890 843 1927 te
863 1885 958 1927 mea
978 1900 1103 1940 opera
1123 1891 1252 1940 atque
1273 1885 1452 1927 astutia:

414 1952 496 2001 An,
518 1951 687 1993 obsecro
707 1953 847 1994 hercle
868 1958 921 2002 te,
942 1953 987 1994 1'd
1008 1968 1121 1994 nunc
1143 1953 1360 1995 suscensc's
1383 1953 1518 1994 mihi?

415 2020 475 2060 At
496 2019 593 2060 cum
614 2021 803 2061 cruciatu
822 2021 1023 2061 maxumo
1044 2022 1087 2061 id
1109 2020 1311 2062 factumst
1332 2026 1415 2062 tuo.

418 2156 462 2197 Si
484 2169 558 2209 ego
579 2155 647 2196 hic
668 2156 824 2209 peribo,
847 2156 883 2196 si
902 2156 986 2204 ille,
1008 2161 1057 2196 ut
1078 2157 1198 2205 dixit,
1220 2155 1304 2197 non
1325 2157 1456 2197 redit:

416 2224 478 2264 At
499 2223 578 2264 erit
597 2224 657 2263 mi
679 2223 757 2264 hoc
777 2224 937 2264 factum
959 2222 1123 2265 mortuo
1145 2224 1428 2273 memorabile,

418 2291 566 2331 Meum
589 2290 706 2331 erum
728 2293 944 2344 captiuom
966 2305 1018 2332 ex
1039 2291 1244 2332 seruitute
1265 2297 1391 2345 atque
1412 2290 1606 2332 hostibus

419 2358 632 2399 Reducem
654 2358 802 2400 fecisse
823 2359 1004 2400 h'berum
1026 2359 1070 2399 in
1092 2359 1272 2413 patriam
1293 2359 1346 2400 aid
1366 2364 1541 2412 patrem,

1707 1072 1760 1112 10

1711 1411 1763 1450 15

1711 1818 1766 1858 20

352 2447 494 2482 ΗΕοΙο.
516 2447 638 2491 (Eo10.
657 2447 701 2491 J)
722 2447 900 2481 Lomnn.
919 2448 1141 2482 TYNDARvs.
1163 2448 1494 2483 Amsrornoxrsss.
1519 2449 1772 2493 (Ams'ropno-

305 2511 459 2537 FONTES.
475 2502 521 2546 J)
540 2502 610 2537 BJ.
680 2503 695 2535 1
717 2506 874 2536 actutum
891 2515 953 2536 om.
973 2503 1046 2537 BJ.
1113 2506 1133 2536 2
1151 2503 1288 2547 negocii
1305 2503 1340 2536 J.
1408 2505 1430 2536 3
1447 2507 1542 2536 sator
1554 2507 1718 2548 satorque
1735 2503 1772 2537 J.

305 2559 327 2590 4
354 2556 561 2590 Occatorenl
582 2555 633 2600 (N
638 2567 684 2590 on
703 2558 785 2598 om.)
805 2557 839 2590 J.
962 2560 982 2591 5
1009 2557 1165 2591 sarriunt
1182 2558 1250 2599 BJ,
1269 2557 1407 2591 sariunt
1425 2557 1480 2590 I1'l.
1590 2560 1611 2591 6
1636 2558 1685 2590 At
1704 2557 1772 2599 BJ‚

306 2610 410 2644 Attat
428 2610 546 2645 Herm.
690 2613 711 2644 8
737 2615 826 2656 aput
842 2611 877 2645 J.
1003 2611 1250 2657 postissinluni
1268 2612 1306 2646 J.
1434 2614 1456 2645 9
1480 2611 1718 2656 adstringinte
1735 2612 1771 2646 J.

309 2668 347 2698 11
369 2665 506 2707 negocii
525 2669 576 2698 est
593 2665 627 2698 J.
679 2677 862 2699 succenses
880 2666 914 2699 J.
1002 2669 1042 2699 16
1067 2665 1177 2699 michi
1196 2670 1229 2699 ot
1249 2665 1367 2699 emisti
1386 2665 1421 2699 J.
1506 2668 1560 2709 20,
1580 2668 1619 2699 21
1641 2677 1697 2699 arc
1715 2677 1774 2700 one

308 2719 377 2752 line
394 2719 431 2752 in
450 2719 484 2752 J.
584 2722 628 2753 20
652 2723 689 2753 tn
707 2731 770 2753 0771.
795 2719 867 2753 BJ.
966 2723 1020 2761 22,
1040 2723 1083 2753 23
1101 2731 1159 2753 one
1179 2720 1247 2753 line
1265 2720 1299 2753 J.
1400 2722 1443 2753 22
1468 2731 1652 2753 succenses
1669 2720 1718 2753 mi
1737 2720 1772 2753 J.

308 2775 364 2815 24,
384 2776 426 2805 25
445 2785 502 2806 0710
521 2774 589 2807 linc
613 2774 650 2808 J.
772 2777 815 2807 24
841 2779 980 2808 ostumo
1006 2775 1072 2808 BJ.
1195 2778 1237 2807 25
1264 2773 1387 2819 pon-ibo
1411 2778 1461 2807 ast
1485 2774 1546 2807 ille
1572 2775 1640 2815 Rs,
1666 2774 1694 2807 si
1713 2775 1773 2808 Br.

308 2830 363 2868 26,
383 2829 425 2861 27
444 2840 502 2861 one
521 2828 588 2861 line
607 2828 644 2862 J.
743 2830 786 2862 26
812 2828 1044 2862 nmium-abile
1062 2829 1099 2863 J.
1198 2830 1239 2863 27
1266 2840 1366 2862 crum
1395 2828 1539 2872 (lu-runi
1557 2829 1603 2873 J)
1627 2833 1774 2874 captum

307 2891 349 2915 ex
367 2881 436 2925 BJ,
461 2882 648 2927 captiuum
668 2882 809 2927 C'amcr„
828 2883 959 2926 Lumb„
979 2883 1075 2917 Bcnt.
