1958 3239
330 215 383 255 66
968 223 1059 255 PLA
1071 224 1158 256 VTJ
1435 215 1481 268 [v
1504 216 1538 256 1.
1562 215 1712 257 30—2.
1736 218 1789 257 15

442 318 530 361 V6s
550 319 609 361 ite
629 320 765 361 intro:
793 319 965 360 interibi
985 333 1060 373 ego
1081 334 1134 361 ex
1149 320 1228 361 hac
1248 319 1389 361 statua
1403 319 1601 362 uerberea
1616 320 1713 362 uolo
1735 321 1788 362 30

443 379 667 441 Erogitare‚
687 385 781 427 meo
801 387 962 428 minore
982 387 1085 440 quid
1106 387 1163 428 sit
1182 387 1342 428 factum
1362 387 1463 428 fflio.

442 453 530 494 Vos
550 454 690 494 lauate
710 453 890 495 interibi.

614 521 789 562 PHILOP.
822 521 1002 574 Sequere
1018 521 1107 570 hac,
1127 521 1397 569 Philocrates,
1417 534 1486 561 me
1505 519 1626 562 intro.

1382 589 1587 629 PHILOCR.
1620 588 1789 642 Sequor.

731 873 885 914 SENEX.
945 873 1110 914 szvos
1141 873 1389 914 Fverrwos.

328 969 409 1010 ΗΕ.
440 955 532 1024 Age
547 973 595 1011 tu
609 970 713 1011 ffluc
728 970 916 1024 procede,
929 972 1037 1012 bone
1052 971 1129 1020 uir,
1141 970 1331 1024 lepidum
1347 969 1622 1024 mancupium
1637 983 1789 1011 meum.

328 1036 392 1077 ST.
442 1037 554 1086 Quid
574 1051 642 1078 me
661 1038 796 1079 facere
817 1037 991 1091 oportet,
1011 1039 1087 1079 ubi
1106 1043 1156 1079 tu
1175 1038 1273 1079 talis
1290 1039 1356 1079 uir
1371 1038 1526 1078 falsum
1547 1037 1741 1078 autumas
1758 1040 1772 1077 Ζ

441 1104 475 1144 F
476 1103 521 1144 ui
542 1118 616 1159 ego
637 1105 786 1154 bellus,
806 1104 983 1159 lepidus,
1004 1106 1140 1146 bonus
1171 1106 1237 1146 uir
1260 1105 1494 1158 numquam
1523 1118 1661 1158 neque
1681 1104 1792 1158 frugi

1184 1174 1319 1214 bonae

440 1238 591 1292 Ne'que
613 1253 681 1280 ero
696 1254 923 1294 umquam:
953 1254 1007 1281 ne
1027 1245 1074 1280 tu
1094 1241 1143 1281 in
1164 1254 1283 1293 spem
1299 1253 1429 1294 ponas
1445 1239 1513 1280 me
1528 1240 1662 1280 bonae
1681 1239 1792 1293 frugi

1186 1309 1284 1348 fore.

326 1373 408 1413 ΗΕ.
440 1372 574 1427 Prope
589 1374 763 1416 modum
778 1376 852 1416 ubi
867 1375 949 1416 loci
962 1376 1155 1416 fortunae
1172 1375 1268 1416 tuae'
1286 1376 1371 1416 sint
1384 1375 1506 1416 facile
1519 1374 1742 1428 intellegis.
1765 1375 1789 1414 5

442 1441 486 1480 Si
507 1441 588 1481 eris
609 1455 748 1491 uemx,
769 1442 888 1483 tuam
908 1456 996 1483 rem
1017 1443 1144 1483 facies
1167 1442 1218 1483 ex
1238 1443 1351 1482 mala
1370 1442 1676 1483 meliusculam.

226 1512 308 1552 960
442 1507 571 1548 Recta
584 1513 626 1549 et
638 1523 739 1550 uera
753 1508 922 1562 loquere
937 1526 945 1550 ε
966 1510 1040 1551 sed
1052 1523 1190 1563 neque
1204 1509 1300 1550 uere
1314 1515 1360 1550 tu
1376 1523 1513 1563 neque
1528 1509 1639 1550 recte
1653 1509 1792 1550 adhuc

441 1574 598 1616 Fecisti
617 1590 830 1629 umquam.

585 1643 649 1683 ST.
682 1642 804 1693 Quod
825 1658 899 1697 ego
921 1644 1064 1694 fatear,
1085 1644 1226 1685 cre'din
1242 1645 1398 1698 pudeat
1420 1658 1547 1698 quom
1568 1642 1792 1685 autumes?

328 1711 409 1751 HE.
441 1696 501 1752 At
523 1725 596 1765 ego
616 1712 769 1752 faciam
789 1719 837 1752 ut
857 1711 1038 1765 pudeat:
1068 1726 1167 1753 nam
1188 1713 1234 1753 in
1248 1711 1443 1753 ruborem
1462 1718 1504 1753 te
1519 1711 1659 1753 totum
1675 1712 1793 1752 dabo.

328 1779 392 1819 ST.
440 1770 526 1828 Eia,
547 1779 669 1820 credo
690 1793 774 1833 ego,
797 1780 979 1833 inperito
999 1780 1144 1834 plagas
1165 1780 1374 1821 minitaris
1395 1780 1524 1821 mihi:
1738 1781 1791 1820 10

441 1846 629 1886 Tandem
644 1847 766 1887 istaec
781 1847 907 1896 aufer,
925 1847 992 1888 dic
1005 1847 1109 1901 quid
1124 1848 1218 1897 fers,
1233 1847 1283 1888 ut
1298 1848 1406 1888 feras
1421 1848 1521 1889 hinc
1537 1846 1650 1901 quod
1670 1847 1792 1901 petis.

326 1913 408 1953 ΗΕ.
441 1912 552 1954 Szitis
572 1913 814 1955 facundu's:
844 1913 917 1956 sed
936 1915 1022 1955 iam
1041 1915 1132 1956 fieri
1152 1916 1265 1956 dicta
1286 1915 1493 1969 conpendi
1513 1915 1620 1956 uolo.

328 1980 392 2021 sT.
441 1966 501 2020 Vt
523 1981 587 2021 uis
609 1982 692 2022 fiat.

612 2048 695 2089 ΗΕ.
727 2048 842 2090 Bene
862 2049 1092 2103 morigerus
1113 2050 1196 2090 fuit
1216 2064 1342 2103 puer:
1373 2064 1487 2091 nunc
1508 2048 1593 2091 non
1614 2050 1743 2091 decet.

441 2113 535 2155 Hoc
556 2128 738 2169 agamus.
796 2116 884 2156 iam
913 2116 1105 2158 animum
1125 2118 1300 2159 aduorte
1331 2132 1378 2159 ac
1399 2118 1506 2158 nn'hi
1526 2132 1633 2172 quae
1655 2119 1793 2159 dicam

1184 2185 1372 2226 edissere.

440 2248 485 2289 S1'
507 2249 587 2290 eris
607 2263 748 2300 uerax,
768 2255 814 2291 ἀπ
834 2251 920 2292 tuis
939 2252 1063 2293 rebus
1084 2252 1231 2294 feceris
1252 2252 1534 2294 meliusculas.
1739 2254 1791 2294 15

373 2367 417 2399 30
440 2365 536 2399 inter
552 2365 610 2399 ibo
628 2365 697 2399 BJ.
770 2378 918 2401 ueruere
935 2367 1040 2401 auolo
1058 2368 1099 2412 B,
1126 2379 1298 2402 ueruecea
1315 2368 1399 2402 uolo
1416 2368 1452 2412 J,
1477 2367 1648 2402 uerberea
1663 2368 1791 2403 C'amer.

326 2421 370 2453 32
395 2419 490 2452 inter
505 2419 569 2454 ibi.
597 2419 787 2455 PHYLOCR.
817 2421 974 2466 Sequere
993 2422 1028 2456 J.

373 2473 470 2507 Eoro
489 2474 631 2509 SENEx.
659 2474 890 2510 STALAGMvs
908 2476 1059 2510 SERVVS
1079 2476 1291 2510 Fvornvvs
1316 2476 1351 2510 J.
1519 2478 1541 2509 2
1565 2480 1705 2521 oportet
1723 2475 1792 2511 fac-

325 2538 383 2560 ere
400 2527 471 2570 BJ,
489 2527 601 2562 facere
618 2533 757 2570 oportet
773 2529 884 2571 Beni„
902 2530 936 2563 F
937 2530 957 2563 ἰ.
1016 2533 1038 2563 4
1064 2542 1108 2564 ne
1126 2542 1226 2575 spem
1248 2530 1294 2573 Β,
1313 2541 1429 2575 neque
1448 2541 1547 2575 spem
1565 2531 1603 2573 J,
1623 2534 1659 2564 tn
1678 2531 1719 2565 in
1735 2531 1770 2564 F
1770 2531 1790 2565 l.

326 2584 347 2614 5
367 2581 533 2616 furtunae
545 2583 579 2616 J.
645 2584 666 2616 6
683 2588 746 2617 tua
759 2595 801 2617 ex
816 2595 852 2618 re
866 2584 937 2627 HJ,
956 2589 1056 2618 tuam
1071 2597 1146 2619 reni
1161 2586 1269 2619 Bossc.
1333 2587 1351 2619 7
1373 2585 1480 2619 Recte
1494 2585 1531 2620 J.
1575 2590 1615 2620 tu
1634 2597 1696 2620 mn.
1716 2586 1790 2621 BJ.

326 2637 348 2668 8
372 2635 461 2679 quid
478 2636 515 2670 J.
589 2639 611 2670 9
636 2648 816 2672 rumorem
835 2638 876 2681 B,
904 2638 1065 2672 roborem
1083 2639 1121 2682 J,
1148 2639 1315 2673 ruborem
1335 2640 1411 2674 C'ozl.
1433 2640 1473 2673 M
1480 2641 1529 2673 ιἰι.
1603 2643 1646 2674 10
1670 2640 1793 2686 plagas

326 2690 448 2729 (added
466 2690 506 2734 by
522 2703 580 2725 sec.
600 2691 719 2736 hand).
820 2695 858 2726 11
889 2693 955 2727 Eo.
975 2693 1136 2727 Tandem
1158 2694 1193 2727 J.
1315 2695 1382 2727 ista
1401 2695 1472 2737 I›'J‚
1498 2695 1599 2729 istaec
1626 2695 1791 2729 Schmidt.

329 2745 373 2776 12
397 2745 578 2779 continued
597 2750 628 2779 lo
646 2746 710 2780 last
728 2746 862 2791 speaker
879 2747 918 2780 in
935 2747 972 2781 J.
1070 2748 1246 2781 facundus
1264 2760 1300 2781 cs
1317 2749 1358 2790 B,
1379 2749 1554 2783 facundus
1571 2749 1608 2783 J.
1687 2749 1794 2783 dictis

327 2798 582 2842 compendium
607 2800 679 2842 BJ,
705 2801 883 2846 conpendi
910 2801 1018 2844 Beni„
1045 2801 1142 2835 Both.
1348 2805 1389 2836 14
1415 2803 1564 2837 aduerte
1590 2803 1675 2838 haee
1700 2803 1792 2837 mihi

326 2861 418 2896 quae
435 2851 477 2896 B,
502 2855 649 2888 aduerte
667 2854 732 2889 hec
749 2854 840 2889 mihi
858 2867 967 2900 quern
993 2855 1032 2890 J.
1178 2858 1220 2890 15
1245 2868 1282 2890 ca:
1309 2857 1437 2892 Cantor.
