1958 3239
151 251 202 282 111
221 243 260 284 4.
283 241 471 296 68—87]
779 250 988 285 CAPTJVJ.
1562 247 1618 288 49

1201 349 1272 390 ΤΥ.
1305 349 1452 403 Ξαρίἔιε
1473 351 1618 405 magis.

49 422 131 463 600
150 415 230 456 AR.
268 415 441 457 Crucior
460 414 645 469 lapidem
666 413 751 456 non
772 415 926 457 habere
947 415 1026 464 me,
1047 421 1096 457 ut
1117 415 1182 456 illi
1203 417 1422 471 mastigiae

265 482 493 524 Cerebrum
506 482 731 531 excutiam,
744 483 818 536 qui
832 497 898 524 me
911 483 1109 524 insanum
1123 483 1263 526 uerbis
1277 485 1504 526 concinnat
1519 486 1618 527 suis.

148 550 220 591 TY.
263 549 408 591 Audin
428 549 614 603 lapidem
635 550 902 604 quaeritare?

836 619 917 660 AR.
948 617 1072 660 Solus
1093 623 1135 660 te
1156 618 1295 660 solum
1316 619 1425 669 uolo,
1564 619 1617 663 70

263 674 412 729 Hegio.

339 743 422 783 HE.
454 742 589 784 Istinc
608 741 791 796 loquere,
807 742 844 783 si
860 743 963 796 quid
978 743 1056 792 uis,
1072 743 1242 797 procul:
1272 749 1416 784 tamen
1437 743 1617 785 audiam.

147 809 218 851 ΤΥ.
261 809 456 864 Namque
477 810 627 864 edepol
647 810 684 851 si
703 810 867 851 adbites
888 811 1073 864 propius,
1095 810 1140 852 os
1163 811 1382 853 denasabit,
1402 813 1484 853 tibi

261 876 490 919 Mordicus.

403 946 479 986 AR.
510 946 661 999 Neque
680 943 752 999 pol
772 959 840 986 me
861 946 1070 995 insanum,
1088 946 1238 1001 Hegio,
1254 960 1344 988 esse
1366 947 1530 989 creduis

260 1012 411 1066 Neque
441 1014 571 1055 fuisse
601 1012 805 1066 umquam
835 1027 974 1067 neque
1005 1027 1095 1055 esse
1125 1013 1331 1064 morbum,
1362 1029 1490 1068 quem
1519 1016 1616 1057 istic

1010 1081 1214 1122 autumat.

259 1147 420 1189 Verum
441 1149 478 1190 si
498 1149 602 1203 quid
621 1148 777 1189 metuis
798 1162 822 1189 a
843 1162 922 1197 me,
943 1148 1042 1190 iube
1062 1163 1129 1190 me
1150 1150 1326 1201 mincii-1¹3
1356 1151 1466 1199 uolo,
1561 1151 1613 1194 75

258 1215 376 1257 Dum
397 1217 493 1259 istic
513 1216 663 1258 itidem
682 1216 905 1257 uinciatur.

834 1284 908 1326 ΤΥ.
942 1270 1078 1326 immo
1100 1285 1215 1326 enim
1236 1299 1347 1335 uero,
1369 1285 1518 1340 Hegio,

261 1337 365 1393 istic
386 1352 461 1406 qui
481 1351 574 1393 uolt
593 1351 817 1393 uinciatur.

769 1419 846 1460 AR.
879 1419 986 1460 Tace
1007 1420 1158 1461 modo:
1190 1433 1265 1475 ego
1286 1425 1330 1468 te,
1354 1420 1614 1462 Philocrates

42 1490 125 1530 610
258 1486 392 1536 Falsa
413 1486 566 1528 faciam
586 1491 635 1527 ut
655 1486 780 1528 uerus
800 1486 925 1528 hodie
946 1486 1151 1541 reperiare
1173 1488 1407 1544 Tyndarus.

260 1554 373 1604 Quid
393 1555 453 1595 mi
473 1555 685 1596 abnutas?

603 1624 675 1664 TY.
707 1623 802 1664 Tibi
824 1636 898 1677 ego
919 1622 1108 1664 abnut02

842 1692 928 1733 AR.
962 1691 1074 1740 Quid
1095 1696 1202 1746 agat,
1224 1691 1261 1732 si
1281 1692 1394 1733 absis
1414 1690 1582 1746 ldngius
1600 1694 1613 1732 ἓ

144 1758 227 1800 ΗΕ.
259 1758 371 1808 Quid
393 1758 486 1800 ais?
516 1758 631 1812 quid,
653 1759 690 1800 si
710 1758 858 1800 adeam
878 1759 994 1800 hunc
1014 1760 1243 1800 insanum?
1560 1761 1613 1801 80

1010 1827 1081 1868 TY.
1113 1825 1284 1880 Nugas:
1314 1827 1613 1877 ludificabitur,

259 1893 426 1935 Garriet
447 1894 549 1947 quoi
567 1893 705 1948 neque
725 1908 799 1948 pes
819 1908 1024 1948 umquam
1044 1893 1181 1948 neque
1203 1900 1330 1948 caput
1351 1895 1585 1948 conpareat.

259 1955 521 2003 Ornamenta
553 1961 732 2003 absunt:
771 1962 960 2012 Aiacem,
995 1963 1110 2003 hunc
1143 1960 1271 2016 quom
1306 1963 1439 2012 uides,
1471 1962 1613 2017 ipsum

1006 2029 1137 2071 uides.

142 2085 227 2128 HE.
258 2086 400 2127 Nihili
420 2086 538 2135 facio,
562 2086 705 2128 tamen
726 2087 859 2128 adibo.

792 2156 866 2196 TY.
897 2153 1025 2196 Nunc
1047 2168 1121 2208 ego
1143 2154 1316 2195 omnino
1337 2153 1482 2203 occidi,

94 2271 98 2273 λ
257 2220 386 2264 Nunc
406 2235 481 2277 ego
496 2222 609 2263 inter
624 2221 789 2264 sacrum
805 2236 1038 2276 saxumque
1055 2221 1119 2263 sto
1136 2236 1213 2263 nec
1229 2223 1332 2276 quid
1347 2223 1499 2263 faciam
1515 2223 1611 2264 scio.

142 2288 224 2330 ΗΕ.
256 2288 325 2330 Do
346 2290 426 2330 tibi
446 2303 626 2343 operam,
647 2290 984 2343 Aristophontes,
1006 2291 1042 2330 si
1063 2290 1167 2343 quid
1188 2295 1252 2330 est
1272 2289 1385 2342 quod
1405 2289 1472 2330 me
1494 2290 1612 2331 uelis.

142 2358 222 2398 AR.
259 2348 324 2397 Ex
346 2371 412 2398 me
433 2357 599 2398 audibis
618 2356 718 2398 uera
739 2371 847 2410 quae
868 2371 982 2398 nune
1003 2357 1109 2397 falsa
1130 2357 1313 2410 opinare,
1335 2356 1483 2410 Hegio.
1557 2358 1611 2398 86

40 2432 124 2473 620
258 2424 341 2466 Sed
361 2424 440 2465 hoc
458 2425 645 2478 primum
664 2438 733 2465 me
753 2423 1002 2479 expurigare
1023 2424 1103 2464 tibi
1124 2423 1232 2472 uolo,
1252 2437 1321 2464 me
1342 2424 1552 2464 insaniam

189 2558 235 2591 68
260 2556 406 2591 Crutior
420 2556 456 2591 J.
530 2559 576 2591 69
600 2556 765 2591 concinat
782 2556 818 2591 J.
896 2556 942 2591 72
966 2556 996 2590 si
1014 2555 1155 2590 habites
1170 2556 1205 2590 J.
1280 2555 1325 2590 73
1349 2554 1519 2589 insanum
1537 2567 1611 2590 eme

143 2610 284 2646 aredius
300 2611 338 2645 J.
450 2612 495 2644 74
519 2610 688 2645 morbum
704 2611 786 2645 istic
802 2611 843 2645 B.
958 2612 1002 2645 75
1028 2609 1165 2644 uincire
1183 2609 1226 2652 B,
1250 2609 1408 2643 uincinri
1424 2610 1462 2652 J,
1479 2609 1611 2644 uinciri

143 2665 210 2699 Ed.
227 2665 342 2709 Pn'n„
355 2664 452 2699 Bent.
519 2665 562 2699 77
582 2669 610 2699 te
627 2676 690 2699 om.
709 2664 783 2699 BJ.
850 2666 894 2699 78
919 2664 1095 2709 tyndarus
1111 2663 1256 2708 longius
1271 2663 1307 2697 J.
1375 2664 1418 2698 79
1443 2663 1555 2697 michi
1573 2664 1609 2698 J.

206 2719 343 2753 abnuto
359 2719 448 2764 quid
467 2719 623 2764 (without
639 2719 765 2764 chanye
781 2719 821 2763 of
831 2719 978 2764 speaker)
998 2719 1067 2761 BJ‚
1085 2717 1221 2751 abnuto
1246 2718 1316 2751 AR.
1338 2717 1434 2760 Quid
1459 2718 1609 2763 Lessiuy.

206 2773 351 2819 longius
367 2774 398 2807 is
414 2773 553 2807 omitted
566 2774 606 2807 in
619 2774 656 2817 J,
670 2773 766 2818 beiny
775 2773 896 2818 placed
910 2774 948 2807 in
964 2773 1014 2806 the
1024 2771 1204 2816 preceding]
1218 2772 1297 2805 line.
1363 2775 1405 2806 81
1424 2772 1522 2817 quod
1539 2773 1609 2815 BJ‚

143 2828 231 2874 quoi
248 2827 388 2862 Acidal.
453 2829 499 2862 82
525 2827 763 2862 Hor-tamenta
776 2828 812 2862 J.
882 2829 926 2861 83
954 2826 1061 2861 Nihil
1080 2826 1125 2869 B,
1144 2825 1270 2859 Niehil
1287 2825 1329 2860 J.
1403 2829 1449 2861 84
1473 2838 1555 2872 ergo
1572 2827 1609 2861 J.

145 2883 190 2916 87
215 2881 280 2916 hee
297 2881 333 2916 J.
430 2889 626 2928 expurgare
643 2882 685 2926 B,
710 2893 915 2928 expugnare
931 2882 968 2925 J,
986 2881 1198 2926 expurigare
1215 2880 1270 2914 ΕΖ.
