1958 3239
177 1112 258 1153 190

179 2364 262 2405 200

275 198 329 238 30
914 205 1004 237 PLA
1017 205 1103 237 VTJ
1368 195 1402 248 [1
1423 195 1458 235 2.
1483 192 1630 237 72-11
1653 193 1688 234 1.
1711 193 1735 232 6

391 302 523 352 Quasi
542 301 723 343 fundum
744 302 938 351 uendam,
958 302 1064 343 meis
1085 315 1152 343 me
1173 300 1367 342 addicam
1387 299 1562 354 legibus.

276 371 358 412 HE.
391 370 655 411 Profundum
674 370 825 411 uendis
846 369 894 411 tu
915 371 1098 424 quidem,
1119 369 1233 410 haud
1253 367 1436 409 fundum
1455 367 1573 407 mihi.

392 438 475 479 Sed
495 438 531 479 si
552 438 780 487 uenturu's,
801 437 991 491 temperi.

908 506 983 546 ER.
1014 506 1106 553 Em,
1126 503 1199 545 uel
1217 504 1303 544 iam
1324 502 1511 544 otiumst.

277 574 359 615 HE.
392 573 415 613 Ι
435 572 572 624 modo,
595 587 749 614 uenare
769 572 978 626 leporem:
1008 586 1122 613 nunc
1142 571 1262 613 ictim
1282 576 1412 612 tenes.
1689 568 1743 612 75

392 641 505 681 Nam
525 639 644 681 meus
665 654 907 693 scruposam
926 640 1066 681 uictus
1088 638 1302 680 conmetat
1321 639 1447 679 uiam.

277 708 352 749 ER.
392 708 639 761 Numquam
659 708 765 748 istoc
786 707 932 749 uinces
953 721 1031 756 me,
1053 706 1215 761 Hegio:
1244 720 1298 748 ne
1319 704 1507 760 postules
1525 721 1534 747 ε

394 775 503 816 Cum
524 775 719 815 calceatis
740 774 939 815 dentibus
959 774 1132 815 ueniam
1151 779 1305 815 tamen.

279 842 361 883 HE.
392 842 530 895 Asper
549 855 668 882 meus
689 841 828 882 uictus
849 841 1001 882 sanest.

936 909 1011 950 ER.
1043 908 1241 950 Sentisne
1262 907 1440 950 essitas?

278 977 360 1018 HE.
391 975 612 1018 Terrestris
633 981 789 1018 oenast.

706 1046 782 1085 ER..
815 1043 896 1085 Sus
916 1043 1126 1086 terrestris
1146 1043 1334 1086 bestiast.
1693 1045 1748 1084 80

278 1113 359 1153 HE.
391 1112 545 1154 Multis
565 1111 791 1153 holeribus.

705 1180 780 1221 ER.
813 1178 970 1222 Curato
991 1178 1180 1234 aegTotos
1202 1179 1326 1221 domi.

393 1247 616 1301 Numquid
636 1248 703 1288 uis
719 1249 734 1288 2

678 1316 759 1357 HE.
791 1315 951 1357 Venias
972 1315 1162 1370 temperi.

1098 1385 1174 1426 ER.
1206 1384 1441 1425 Memorem
1461 1398 1619 1426 mones.

280 1452 362 1493 HE.
395 1451 472 1492 Ibo
492 1451 603 1492 intro
624 1454 752 1505 atque
772 1451 889 1492 intus
910 1451 1143 1492 subducam
1164 1451 1460 1502 ratiunculam,

397 1519 665 1568 Quantsslum
685 1520 848 1574 argenti
867 1520 928 1559 mi
948 1519 1061 1573 apud
1082 1519 1352 1573 tarpessitam
1373 1520 1464 1561 siet.

396 1587 466 1628 Ad
486 1586 669 1637 fratrem,
691 1600 774 1641 quo
795 1587 855 1628 ire
875 1587 1075 1637 dixeram,
1096 1601 1196 1628 mox
1215 1587 1342 1630 iuero.
1695 1589 1749 1630 85

463 1860 657 1901 LORARII.
718 1859 904 1901 CAPTIVI
936 1859 1267 1913 (PHILOCRATES.
1297 1859 1565 1914 TYNDARvs).

280 1958 351 1998 Lo.
397 1957 442 1998 Si
469 1957 514 1998 di
548 1957 794 1998 inmortales
828 1957 872 1998 1'd
907 1956 1090 2006 uoluere,
1123 1956 1199 1998 uos
1231 1957 1341 1999 hanc
1376 1971 1622 1999 aerumnam
1653 1956 1750 1999 exe-

1143 2026 1228 2078 qui,

394 2092 530 2134 Decet
550 2093 594 2134 id
610 2093 700 2147 pati
721 2093 862 2134 animo
879 2091 1036 2147 aequo:
1067 2093 1103 2134 si
1123 2093 1168 2134 id
1183 2092 1357 2143 facietis,
1373 2093 1509 2136 leuior
1523 2094 1641 2136 labos
1659 2094 1751 2136 erit.

395 2162 526 2202 Domi
546 2162 686 2202 fuistis
708 2161 830 2202 credo
851 2161 996 2202 liberi:

394 2230 521 2270 Nunc
543 2228 726 2270 seruitus
748 2229 784 2270 si
805 2228 959 2278 euenit,
980 2229 1019 2270 ei
1039 2242 1115 2270 uos
1135 2227 1377 2284 morigerari
1397 2228 1486 2271 mos
1507 2230 1664 2271 bonust

394 2297 586 2351 Eamque
613 2297 698 2349 †et
719 2296 811 2338 erili
831 2296 1008 2351 impe'rio
1029 2297 1211 2352 ingeniis
1232 2296 1386 2339 uostris
1406 2298 1547 2340 lenem
1566 2297 1749 2340 reddere.

396 2365 580 2420 Indigna
600 2365 728 2420 digna
748 2364 942 2406 habenda
963 2370 1074 2414 sunt,
1097 2379 1192 2407 erus
1213 2365 1319 2420 quae
1341 2366 1453 2408 facit.
1724 2368 1748 2408 6

329 2467 374 2502 73
400 2467 470 2501 Pro
488 2466 645 2501 fundum
662 2467 697 2501 J.
851 2467 896 2502 74
920 2467 1075 2513 tempori
1093 2467 1134 2501 B.
1188 2467 1255 2502 The
1274 2468 1339 2502 last
1355 2468 1437 2513 half
1448 2469 1488 2514 of
1501 2468 1551 2503 the
1570 2469 1638 2503 line
1655 2469 1750 2514 ille-9-

280 2522 345 2556 {hle
362 2523 402 2556 in
419 2522 454 2555 J.
565 2522 608 2556 75
635 2522 718 2555 irim
736 2521 776 2556 B.
827 2521 856 2555 J
869 2522 900 2555 is
917 2521 1073 2566 illeyihle.
1175 2522 1219 2557 76
1246 2522 1328 2556 Non
1347 2523 1415 2557 BJ.
1539 2524 1583 2559 77
1609 2523 1690 2558 heio
1707 2525 1750 2569 B,

281 2576 386 2621 hegio
407 2576 519 2620 D(S)‚
537 2576 616 2622 egio
632 2577 668 2611 J.
731 2577 776 2611 79
795 2576 987 2611 Sentisne?
1012 2576 1134 2610 essitas
1151 2576 1193 2610 B.
1259 2579 1302 2611 81
1322 2577 1481 2612 oleribus
1497 2578 1532 2612 J.
1599 2581 1643 2612 82
1662 2583 1750 2613 tem-

281 2631 359 2676 pori
377 2631 406 2664 J
422 2631 476 2676 (cf.
497 2632 568 2676 74).
688 2642 864 2665 memores
879 2631 915 2665 J.
1028 2633 1073 2665 84
1098 2630 1210 2665 michi
1227 2631 1263 2665 J.
1375 2633 1602 2678 trapetzitam
1619 2633 1662 2677 B,
1679 2638 1750 2668 tra-

282 2690 449 2731 paxetam
465 2686 500 2719 J.
599 2688 643 2720 85
669 2685 743 2720 iero
761 2686 828 2720 BJ.

330 2740 492 2775 Lomnn
512 2742 587 2783 nimi!
607 2741 874 2775 PHILOCRATES
900 2741 1061 2775 CAPTIVI
1091 2740 1297 2775 TYNDARVS
1329 2742 1429 2785 Bm),
1456 2742 1630 2777 Lomnn.
1659 2742 1748 2777 Pm-

284 2805 484 2829 Locnxrsss.
503 2795 708 2830 Tmmnvs
731 2796 767 2829 J.
847 2799 859 2830 1
891 2796 950 2830 Dii
969 2797 1020 2831 dii
1038 2797 1073 2831 J.
1141 2797 1335 2832 uoluerunt
1359 2798 1394 2831 J.
1481 2809 1694 2843 erumpnam
1712 2798 1748 2832 J.

284 2851 306 2884 2
330 2861 443 2896 aequo
461 2850 581 2885 animo
598 2850 634 2885 J.
730 2850 832 2885 labor
854 2851 953 2886 Bene.
1074 2855 1095 2886 4
1122 2853 1169 2887 sic
1189 2852 1309 2887 euenit
1327 2852 1361 2887 J.
1461 2856 1482 2887 5
1507 2853 1638 2887 nostris
1653 2853 1690 2888 J.
