<?xml version="1.0" encoding="UTF-8"?>
<!DOCTYPE html PUBLIC "-//W3C//DTD XHTML 1.0 Transitional//EN"
    "http://www.w3.org/TR/xhtml1/DTD/xhtml1-transitional.dtd">
<html xmlns="http://www.w3.org/1999/xhtml" xml:lang="en" lang="en">
 <head>
  <title>
</title>
<meta http-equiv="Content-Type" content="text/html;charset=utf-8" />
  <meta name='ocr-system' content='tesseract 3.04.00' />
  <meta name='ocr-capabilities' content='ocr_page ocr_carea ocr_par ocr_line ocrx_word'/>
</head>
<body>
  <div class='ocr_page' id='page_1' title='image "./captivip00plauuoft_0079.png"; bbox 0 0 1958 3239; ppageno 0'>
   <div class='ocr_carea' id='block_1_1' title="bbox 130 236 1596 290">
    <p class='ocr_par' dir='ltr' id='par_1_1' title="bbox 130 236 1596 290">
     <span class='ocr_line' id='line_1_1' title="bbox 130 236 1596 290; baseline 0.005 -14"><span class='ocrx_word' id='word_1_1' title='bbox 130 246 158 275; x_wconf 89' lang='lat' dir='ltr'>v</span> <span class='ocrx_word' id='word_1_2' title='bbox 179 236 388 278; x_wconf 83' lang='lat'><strong>2.16—3.</strong></span> <span class='ocrx_word' id='word_1_3' title='bbox 414 237 488 290; x_wconf 89' lang='grc'>10]</span> <span class='ocrx_word' id='word_1_4' title='bbox 768 246 979 279; x_wconf 75' lang='grc' dir='ltr'><em>σΑΡΤΙιἾ.</em></span> <span class='ocrx_word' id='word_1_5' title='bbox 1542 240 1596 284; x_wconf 91' lang='grc'>67</span> 
     </span>
    </p>
   </div>
   <div class='ocr_carea' id='block_1_2' title="bbox 131 340 1598 408">
    <p class='ocr_par' dir='ltr' id='par_1_2' title="bbox 131 340 1598 408">
     <span class='ocr_line' id='line_1_2' title="bbox 131 340 1598 408; baseline 0.001 -26"><span class='ocrx_word' id='word_1_6' title='bbox 131 341 196 383; x_wconf 88' lang='lat' dir='ltr'>ST.</span> <span class='ocrx_word' id='word_1_7' title='bbox 243 341 394 408; x_wconf 83' lang='lat' dir='ltr'>Nugae</span> <span class='ocrx_word' id='word_1_8' title='bbox 409 342 538 383; x_wconf 81' lang='lat' dir='ltr'>istaec</span> <span class='ocrx_word' id='word_1_9' title='bbox 554 346 677 382; x_wconf 90' lang='lat' dir='ltr'>sunt:</span> <span class='ocrx_word' id='word_1_10' title='bbox 707 340 793 382; x_wconf 78' lang='lat' dir='ltr'>non</span> <span class='ocrx_word' id='word_1_11' title='bbox 808 355 876 384; x_wconf 88' lang='lat' dir='ltr'>me</span> <span class='ocrx_word' id='word_1_12' title='bbox 892 356 1036 384; x_wconf 83' lang='lat' dir='ltr'>censes</span> <span class='ocrx_word' id='word_1_13' title='bbox 1052 343 1157 384; x_wconf 77' lang='lat' dir='ltr'>scire</span> <span class='ocrx_word' id='word_1_14' title='bbox 1173 343 1276 396; x_wconf 88' lang='lat' dir='ltr'>quid</span> <span class='ocrx_word' id='word_1_15' title='bbox 1293 342 1445 397; x_wconf 70' lang='lat' dir='ltr'>dignus</span> <span class='ocrx_word' id='word_1_16' title='bbox 1461 343 1565 384; x_wconf 89' lang='lat' dir='ltr'>siem</span> <span class='ocrx_word' id='word_1_17' title='bbox 1583 346 1598 384; x_wconf 71' lang='lat'><em>2</em></span> 
     </span>
    </p>
   </div>
   <div class='ocr_carea' id='block_1_3' title="bbox 30 403 1382 463">
    <p class='ocr_par' dir='ltr' id='par_1_3' title="bbox 30 403 1382 463">
     <span class='ocr_line' id='line_1_3' title="bbox 30 403 1382 463; baseline 0.004 -18"><span class='ocrx_word' id='word_1_18' title='bbox 30 403 111 447; x_wconf 85' lang='grc'>970</span> <span class='ocrx_word' id='word_1_19' title='bbox 130 409 213 450; x_wconf 83' lang='grc' dir='ltr'>ΗΕ.</span> <span class='ocrx_word' id='word_1_20' title='bbox 244 409 305 450; x_wconf 91' lang='lat' dir='ltr'>At</span> <span class='ocrx_word' id='word_1_21' title='bbox 325 423 374 450; x_wconf 86' lang='lat' dir='ltr'>ea</span> <span class='ocrx_word' id='word_1_22' title='bbox 394 408 682 462; x_wconf 79' lang='lat' dir='ltr'>supterfugere</span> <span class='ocrx_word' id='word_1_23' title='bbox 702 409 815 462; x_wconf 91' lang='lat' dir='ltr'>potis</span> <span class='ocrx_word' id='word_1_24' title='bbox 837 423 880 450; x_wconf 92' lang='lat' dir='ltr'>es</span> <span class='ocrx_word' id='word_1_25' title='bbox 900 409 1045 463; x_wconf 81' lang='lat' dir='ltr'>pauca,</span> <span class='ocrx_word' id='word_1_26' title='bbox 1066 411 1103 450; x_wconf 90' lang='lat' dir='ltr'>si</span> <span class='ocrx_word' id='word_1_27' title='bbox 1124 424 1210 451; x_wconf 92' lang='lat' dir='ltr'>non</span> <span class='ocrx_word' id='word_1_28' title='bbox 1230 409 1382 452; x_wconf 78' lang='lat' dir='ltr'>omnia.</span> 
     </span>
    </p>
   </div>
   <div class='ocr_carea' id='block_1_4' title="bbox 130 476 1598 786">
    <p class='ocr_par' dir='ltr' id='par_1_4' title="bbox 130 476 1598 786">
     <span class='ocr_line' id='line_1_4' title="bbox 130 476 1598 530; baseline 0.001 -13"><span class='ocrx_word' id='word_1_29' title='bbox 130 476 196 517; x_wconf 91' lang='lat' dir='ltr'>ST.</span> <span class='ocrx_word' id='word_1_30' title='bbox 245 476 385 518; x_wconf 77' lang='lat' dir='ltr'>Pauca</span> <span class='ocrx_word' id='word_1_31' title='bbox 401 476 619 530; x_wconf 84' lang='lat' dir='ltr'>ecfugiam,</span> <span class='ocrx_word' id='word_1_32' title='bbox 635 477 744 517; x_wconf 85' lang='lat' dir='ltr'>scio:</span> <span class='ocrx_word' id='word_1_33' title='bbox 774 490 875 516; x_wconf 91' lang='lat' dir='ltr'>nam</span> <span class='ocrx_word' id='word_1_34' title='bbox 890 477 1027 518; x_wconf 89' lang='lat' dir='ltr'>multa</span> <span class='ocrx_word' id='word_1_35' title='bbox 1042 477 1253 526; x_wconf 89' lang='lat' dir='ltr'>eue&#39;nient,</span> <span class='ocrx_word' id='word_1_36' title='bbox 1269 483 1312 518; x_wconf 89' lang='lat' dir='ltr'>et</span> <span class='ocrx_word' id='word_1_37' title='bbox 1326 476 1477 519; x_wconf 77' lang='lat' dir='ltr'>merito</span> <span class='ocrx_word' id='word_1_38' title='bbox 1492 491 1598 527; x_wconf 92' lang='lat' dir='ltr'>meo,</span> 
     </span>
     <span class='ocr_line' id='line_1_5' title="bbox 246 543 1406 598; baseline 0.003 -15"><span class='ocrx_word' id='word_1_39' title='bbox 246 544 355 593; x_wconf 84' lang='lat' dir='ltr'>Quia</span> <span class='ocrx_word' id='word_1_40' title='bbox 375 544 464 598; x_wconf 84' lang='lat' dir='ltr'>fugi</span> <span class='ocrx_word' id='word_1_41' title='bbox 485 548 528 584; x_wconf 90' lang='lat' dir='ltr'>et</span> <span class='ocrx_word' id='word_1_42' title='bbox 547 543 628 584; x_wconf 81' lang='lat' dir='ltr'>tibi</span> <span class='ocrx_word' id='word_1_43' title='bbox 649 544 856 598; x_wconf 83' lang='lat' dir='ltr'>subrupui</span> <span class='ocrx_word' id='word_1_44' title='bbox 875 544 1017 585; x_wconf 83' lang='lat' dir='ltr'>filium</span> <span class='ocrx_word' id='word_1_45' title='bbox 1039 551 1081 585; x_wconf 88' lang='lat' dir='ltr'>et</span> <span class='ocrx_word' id='word_1_46' title='bbox 1101 558 1200 586; x_wconf 92' lang='lat' dir='ltr'>eum</span> <span class='ocrx_word' id='word_1_47' title='bbox 1219 545 1406 587; x_wconf 69' lang='lat' dir='ltr'>uendidi.</span> 
     </span>
     <span class='ocr_line' id='line_1_6' title="bbox 130 610 569 660; baseline -0.002 -9"><span class='ocrx_word' id='word_1_48' title='bbox 130 611 212 652; x_wconf 74' lang='lat' dir='ltr'>HE.</span> <span class='ocrx_word' id='word_1_49' title='bbox 245 610 355 660; x_wconf 83' lang='lat' dir='ltr'>Quoi</span> <span class='ocrx_word' id='word_1_50' title='bbox 374 610 569 651; x_wconf 75' lang='lat' dir='ltr'>homini?</span> 
     </span>
     <span class='ocr_line' id='line_1_7' title="bbox 521 663 1598 734; baseline 0.001 -16"><span class='ocrx_word' id='word_1_51' title='bbox 521 677 586 719; x_wconf 68' lang='lat' dir='ltr'><strong>sm.</strong></span> <span class='ocrx_word' id='word_1_52' title='bbox 617 676 947 719; x_wconf 70' lang='lat' dir='ltr'>Theoddromedi</span> <span class='ocrx_word' id='word_1_53' title='bbox 967 678 1013 719; x_wconf 78' lang='lat' dir='ltr'>in</span> <span class='ocrx_word' id='word_1_54' title='bbox 1032 663 1160 720; x_wconf 70' lang='lat' dir='ltr'>Ande</span> <span class='ocrx_word' id='word_1_55' title='bbox 1182 678 1431 734; x_wconf 77' lang='lat' dir='ltr'>Polyp11&#39;1sio</span> <span class='ocrx_word' id='word_1_56' title='bbox 1543 680 1598 719; x_wconf 89' lang='lat'>20</span> 
     </span>
     <span class='ocr_line' id='line_1_8' title="bbox 245 744 485 786; baseline 0 0"><span class='ocrx_word' id='word_1_57' title='bbox 245 744 328 786; x_wconf 77' lang='lat' dir='ltr'>Sex</span> <span class='ocrx_word' id='word_1_58' title='bbox 347 744 485 786; x_wconf 85' lang='lat' dir='ltr'>minis.</span> 
     </span>
    </p>
   </div>
   <div class='ocr_carea' id='block_1_5' title="bbox 246 812 1600 921">
    <p class='ocr_par' dir='ltr' id='par_1_5' title="bbox 246 812 1600 921">
     <span class='ocr_line' id='line_1_9' title="bbox 416 812 1600 868; baseline 0.001 -15"><span class='ocrx_word' id='word_1_59' title='bbox 416 813 498 853; x_wconf 83' lang='grc' dir='ltr'>ΗΕ.</span> <span class='ocrx_word' id='word_1_60' title='bbox 531 812 610 854; x_wconf 90' lang='lat' dir='ltr'>Pro</span> <span class='ocrx_word' id='word_1_61' title='bbox 631 813 675 854; x_wconf 94' lang='lat' dir='ltr'>di</span> <span class='ocrx_word' id='word_1_62' title='bbox 695 813 963 854; x_wconf 84' lang='lat' dir='ltr'>inmortales:</span> <span class='ocrx_word' id='word_1_63' title='bbox 993 813 1029 854; x_wconf 88' lang='lat' dir='ltr'>is</span> <span class='ocrx_word' id='word_1_64' title='bbox 1050 813 1224 867; x_wconf 89' lang='lat' dir='ltr'>quidem</span> <span class='ocrx_word' id='word_1_65' title='bbox 1247 813 1376 855; x_wconf 86' lang='lat' dir='ltr'>huius</span> <span class='ocrx_word' id='word_1_66' title='bbox 1397 813 1461 856; x_wconf 75' lang='lat' dir='ltr'>est</span> <span class='ocrx_word' id='word_1_67' title='bbox 1480 818 1600 868; x_wconf 87' lang='lat' dir='ltr'>pater</span> 
     </span>
     <span class='ocr_line' id='line_1_10' title="bbox 246 879 488 921; baseline 0.004 -1"><span class='ocrx_word' id='word_1_68' title='bbox 246 879 488 921; x_wconf 80' lang='lat' dir='ltr'>Philocrati.</span> 
     </span>
    </p>
   </div>
   <div class='ocr_carea' id='block_1_6' title="bbox 131 947 1540 1136">
    <p class='ocr_par' dir='ltr' id='par_1_6' title="bbox 131 947 1540 1136">
     <span class='ocr_line' id='line_1_11' title="bbox 418 947 1514 1001; baseline 0.001 -14"><span class='ocrx_word' id='word_1_69' title='bbox 418 947 482 988; x_wconf 87' lang='lat' dir='ltr'>ST.</span> <span class='ocrx_word' id='word_1_70' title='bbox 514 947 630 996; x_wconf 86' lang='lat' dir='ltr'>Quin</span> <span class='ocrx_word' id='word_1_71' title='bbox 650 947 802 988; x_wconf 75' lang='lat' dir='ltr'>melius</span> <span class='ocrx_word' id='word_1_72' title='bbox 823 947 925 988; x_wconf 90' lang='lat' dir='ltr'>noui</span> <span class='ocrx_word' id='word_1_73' title='bbox 945 947 1073 1001; x_wconf 62' lang='lat' dir='ltr'>quam</span> <span class='ocrx_word' id='word_1_74' title='bbox 1094 953 1142 988; x_wconf 90' lang='lat' dir='ltr'>tu</span> <span class='ocrx_word' id='word_1_75' title='bbox 1164 953 1206 989; x_wconf 90' lang='lat' dir='ltr'>et</span> <span class='ocrx_word' id='word_1_76' title='bbox 1226 948 1316 988; x_wconf 84' lang='lat' dir='ltr'>uidi</span> <span class='ocrx_word' id='word_1_77' title='bbox 1337 947 1514 1001; x_wconf 71' lang='lat' dir='ltr'>saepius.</span> 
     </span>
     <span class='ocr_line' id='line_1_12' title="bbox 131 1014 1540 1069; baseline 0.001 -14"><span class='ocrx_word' id='word_1_78' title='bbox 131 1015 213 1055; x_wconf 80' lang='grc' dir='ltr'>ΗΕ.</span> <span class='ocrx_word' id='word_1_79' title='bbox 246 1014 387 1063; x_wconf 54' lang='lat' dir='ltr'>serua,</span> <span class='ocrx_word' id='word_1_80' title='bbox 409 1014 604 1068; x_wconf 72' lang='lat' dir='ltr'>Iuppiter</span> <span class='ocrx_word' id='word_1_81' title='bbox 623 1028 830 1068; x_wconf 86' lang='lat' dir='ltr'>supreme,</span> <span class='ocrx_word' id='word_1_82' title='bbox 850 1020 893 1056; x_wconf 89' lang='lat' dir='ltr'>et</span> <span class='ocrx_word' id='word_1_83' title='bbox 913 1015 980 1056; x_wconf 77' lang='lat' dir='ltr'>me</span> <span class='ocrx_word' id='word_1_84' title='bbox 1001 1020 1044 1056; x_wconf 93' lang='lat' dir='ltr'>et</span> <span class='ocrx_word' id='word_1_85' title='bbox 1065 1029 1207 1055; x_wconf 90' lang='lat' dir='ltr'>meum</span> <span class='ocrx_word' id='word_1_86' title='bbox 1226 1015 1403 1069; x_wconf 76' lang='lat' dir='ltr'>gnatum</span> <span class='ocrx_word' id='word_1_87' title='bbox 1423 1015 1540 1057; x_wconf 89' lang='lat' dir='ltr'>mihi.</span> 
     </span>
     <span class='ocr_line' id='line_1_13' title="bbox 246 1081 1520 1136; baseline 0.001 -14"><span class='ocrx_word' id='word_1_88' title='bbox 246 1081 517 1131; x_wconf 69' lang='lat' dir='ltr'>Philocrates,</span> <span class='ocrx_word' id='word_1_89' title='bbox 537 1095 612 1136; x_wconf 89' lang='lat' dir='ltr'>per</span> <span class='ocrx_word' id='word_1_90' title='bbox 632 1081 751 1123; x_wconf 76' lang='lat' dir='ltr'>tuom</span> <span class='ocrx_word' id='word_1_91' title='bbox 771 1087 814 1123; x_wconf 89' lang='lat' dir='ltr'>te</span> <span class='ocrx_word' id='word_1_92' title='bbox 833 1082 1006 1136; x_wconf 87' lang='lat' dir='ltr'>genium</span> <span class='ocrx_word' id='word_1_93' title='bbox 1027 1081 1207 1131; x_wconf 78' lang='lat' dir='ltr'>obsecro,</span> <span class='ocrx_word' id='word_1_94' title='bbox 1229 1083 1321 1124; x_wconf 83' lang='lat' dir='ltr'>exi:</span> <span class='ocrx_word' id='word_1_95' title='bbox 1351 1082 1392 1124; x_wconf 77' lang='lat' dir='ltr'>te</span> <span class='ocrx_word' id='word_1_96' title='bbox 1414 1083 1520 1123; x_wconf 92' lang='lat' dir='ltr'>uolo.</span> 
     </span>
    </p>
   </div>
   <div class='ocr_carea' id='block_1_7' title="bbox 435 1346 1296 1388">
    <p class='ocr_par' dir='ltr' id='par_1_7' title="bbox 435 1346 1296 1388">
     <span class='ocr_line' id='line_1_14' title="bbox 435 1346 1296 1388; baseline 0.001 -2"><span class='ocrx_word' id='word_1_97' title='bbox 435 1346 745 1387; x_wconf 69' lang='lat' dir='ltr'>PmLOCRAi-Es.</span> <span class='ocrx_word' id='word_1_98' title='bbox 807 1347 965 1387; x_wconf 85' lang='lat' dir='ltr'><strong>HEGIO.</strong></span> <span class='ocrx_word' id='word_1_99' title='bbox 1027 1346 1296 1388; x_wconf 72' lang='lat' dir='ltr'><strong>STALAGMVS.</strong></span> 
     </span>
    </p>
   </div>
   <div class='ocr_carea' id='block_1_8' title="bbox 131 1444 1600 1634">
    <p class='ocr_par' dir='ltr' id='par_1_8' title="bbox 131 1444 1600 1634">
     <span class='ocr_line' id='line_1_15' title="bbox 131 1444 1156 1500; baseline 0.001 -15"><span class='ocrx_word' id='word_1_100' title='bbox 131 1445 209 1486; x_wconf 82' lang='lat' dir='ltr'>PH.</span> <span class='ocrx_word' id='word_1_101' title='bbox 248 1444 395 1500; x_wconf 72' lang='lat' dir='ltr'>Hegio,</span> <span class='ocrx_word' id='word_1_102' title='bbox 417 1445 588 1487; x_wconf 85' lang='lat' dir='ltr'>adsum:</span> <span class='ocrx_word' id='word_1_103' title='bbox 619 1447 655 1487; x_wconf 84' lang='lat' dir='ltr'>si</span> <span class='ocrx_word' id='word_1_104' title='bbox 676 1446 779 1500; x_wconf 86' lang='lat' dir='ltr'>quid</span> <span class='ocrx_word' id='word_1_105' title='bbox 799 1460 866 1487; x_wconf 90' lang='lat' dir='ltr'>me</span> <span class='ocrx_word' id='word_1_106' title='bbox 888 1446 965 1495; x_wconf 90' lang='lat' dir='ltr'>uis,</span> <span class='ocrx_word' id='word_1_107' title='bbox 986 1446 1156 1499; x_wconf 80' lang='lat' dir='ltr'>impera.</span> 
     </span>
     <span class='ocr_line' id='line_1_16' title="bbox 1039 1512 1600 1568; baseline 0 -14"><span class='ocrx_word' id='word_1_108' title='bbox 1039 1515 1122 1555; x_wconf 83' lang='lat' dir='ltr'>HE.</span> <span class='ocrx_word' id='word_1_109' title='bbox 1155 1514 1238 1554; x_wconf 91' lang='lat' dir='ltr'>Hic</span> <span class='ocrx_word' id='word_1_110' title='bbox 1259 1512 1436 1568; x_wconf 71' lang='lat' dir='ltr'>gnatum</span> <span class='ocrx_word' id='word_1_111' title='bbox 1456 1526 1600 1554; x_wconf 89' lang='lat' dir='ltr'>meum</span> 
     </span>
     <span class='ocr_line' id='line_1_17' title="bbox 244 1579 1342 1634; baseline 0 -13"><span class='ocrx_word' id='word_1_112' title='bbox 244 1579 335 1621; x_wconf 81' lang='lat' dir='ltr'>Tuo</span> <span class='ocrx_word' id='word_1_113' title='bbox 354 1581 466 1634; x_wconf 91' lang='lat' dir='ltr'>patri</span> <span class='ocrx_word' id='word_1_114' title='bbox 487 1581 547 1622; x_wconf 85' lang='lat' dir='ltr'>ait</span> <span class='ocrx_word' id='word_1_115' title='bbox 567 1595 612 1622; x_wconf 92' lang='lat' dir='ltr'>se</span> <span class='ocrx_word' id='word_1_116' title='bbox 633 1580 874 1622; x_wconf 84' lang='lat' dir='ltr'>uendidisse</span> <span class='ocrx_word' id='word_1_117' title='bbox 895 1581 968 1622; x_wconf 72' lang='lat' dir='ltr'>sex</span> <span class='ocrx_word' id='word_1_118' title='bbox 990 1582 1118 1623; x_wconf 90' lang='lat' dir='ltr'>minis</span> <span class='ocrx_word' id='word_1_119' title='bbox 1139 1582 1185 1621; x_wconf 92' lang='lat' dir='ltr'>in</span> <span class='ocrx_word' id='word_1_120' title='bbox 1205 1581 1342 1622; x_wconf 91' lang='lat' dir='ltr'>Alide.</span> 
     </span>
    </p>
   </div>
   <div class='ocr_carea' id='block_1_9' title="bbox 30 1646 797 1697">
    <p class='ocr_par' dir='ltr' id='par_1_9' title="bbox 30 1646 797 1697">
     <span class='ocr_line' id='line_1_18' title="bbox 30 1646 797 1697; baseline 0.004 -10"><span class='ocrx_word' id='word_1_121' title='bbox 30 1646 112 1687; x_wconf 88' lang='grc'>980</span> <span class='ocrx_word' id='word_1_122' title='bbox 132 1648 210 1689; x_wconf 81' lang='grc' dir='ltr'>ΡΗ.</span> <span class='ocrx_word' id='word_1_123' title='bbox 247 1647 385 1697; x_wconf 84' lang='lat' dir='ltr'>Quam</span> <span class='ocrx_word' id='word_1_124' title='bbox 405 1648 480 1689; x_wconf 93' lang='lat' dir='ltr'>diu</span> <span class='ocrx_word' id='word_1_125' title='bbox 499 1649 545 1690; x_wconf 93' lang='lat' dir='ltr'>id</span> <span class='ocrx_word' id='word_1_126' title='bbox 564 1648 797 1690; x_wconf 69' lang='lat' dir='ltr'>factumst?</span> 
     </span>
    </p>
   </div>
   <div class='ocr_carea' id='block_1_10' title="bbox 131 1715 1602 2377">
    <p class='ocr_par' dir='ltr' id='par_1_10' title="bbox 131 1715 1600 1905">
     <span class='ocr_line' id='line_1_19' title="bbox 725 1715 1543 1770; baseline 0.001 -14"><span class='ocrx_word' id='word_1_127' title='bbox 725 1717 790 1757; x_wconf 88' lang='lat' dir='ltr'>ST.</span> <span class='ocrx_word' id='word_1_128' title='bbox 822 1716 908 1758; x_wconf 89' lang='lat' dir='ltr'>Hic</span> <span class='ocrx_word' id='word_1_129' title='bbox 929 1729 1065 1757; x_wconf 88' lang='lat' dir='ltr'>annus</span> <span class='ocrx_word' id='word_1_130' title='bbox 1086 1716 1239 1770; x_wconf 86' lang='lat' dir='ltr'>incipit</span> <span class='ocrx_word' id='word_1_131' title='bbox 1258 1715 1543 1758; x_wconf 72' lang='lat' dir='ltr'>uicensumus.</span> 
     </span>
     <span class='ocr_line' id='line_1_20' title="bbox 131 1782 606 1825; baseline 0.002 -1"><span class='ocrx_word' id='word_1_132' title='bbox 131 1783 210 1824; x_wconf 82' lang='lat' dir='ltr'>PH.</span> <span class='ocrx_word' id='word_1_133' title='bbox 244 1782 370 1824; x_wconf 79' lang='lat' dir='ltr'>Falsa</span> <span class='ocrx_word' id='word_1_134' title='bbox 389 1789 606 1825; x_wconf 89' lang='lat' dir='ltr'>memorat.</span> 
     </span>
     <span class='ocr_line' id='line_1_21' title="bbox 562 1850 1600 1906; baseline 0 -14"><span class='ocrx_word' id='word_1_135' title='bbox 562 1852 627 1892; x_wconf 89' lang='lat' dir='ltr'>ST.</span> <span class='ocrx_word' id='word_1_136' title='bbox 660 1850 751 1892; x_wconf 79' lang='lat' dir='ltr'>Aut</span> <span class='ocrx_word' id='word_1_137' title='bbox 772 1865 846 1906; x_wconf 85' lang='lat' dir='ltr'>ego</span> <span class='ocrx_word' id='word_1_138' title='bbox 868 1856 942 1892; x_wconf 86' lang='lat' dir='ltr'>aut</span> <span class='ocrx_word' id='word_1_139' title='bbox 962 1857 1034 1892; x_wconf 87' lang='lat' dir='ltr'>tu·</span> <span class='ocrx_word' id='word_1_140' title='bbox 1063 1865 1164 1892; x_wconf 83' lang='lat' dir='ltr'>nam</span> <span class='ocrx_word' id='word_1_141' title='bbox 1185 1852 1265 1892; x_wconf 90' lang='lat' dir='ltr'>tibi</span> <span class='ocrx_word' id='word_1_142' title='bbox 1285 1851 1600 1905; x_wconf 74' lang='lat' dir='ltr'>quadrimulum</span> 
     </span>
    </p>

    <p class='ocr_par' dir='ltr' id='par_1_11' title="bbox 131 1917 1600 2175">
     <span class='ocr_line' id='line_1_22' title="bbox 245 1917 1600 1973; baseline 0 -14"><span class='ocrx_word' id='word_1_143' title='bbox 245 1917 355 1960; x_wconf 78' lang='lat' dir='ltr'>Tuos</span> <span class='ocrx_word' id='word_1_144' title='bbox 375 1923 495 1972; x_wconf 87' lang='lat' dir='ltr'>pater</span> <span class='ocrx_word' id='word_1_145' title='bbox 515 1918 771 1972; x_wconf 74' lang='lat' dir='ltr'>peculiarem</span> <span class='ocrx_word' id='word_1_146' title='bbox 790 1918 1013 1972; x_wconf 84' lang='lat' dir='ltr'>paruolum</span> <span class='ocrx_word' id='word_1_147' title='bbox 1035 1918 1164 1973; x_wconf 79' lang='lat' dir='ltr'>puero</span> <span class='ocrx_word' id='word_1_148' title='bbox 1186 1919 1312 1960; x_wconf 88' lang='lat' dir='ltr'>dedit.</span> <span class='ocrx_word' id='word_1_149' title='bbox 1576 1920 1600 1959; x_wconf 88' lang='lat'>5</span> 
     </span>
     <span class='ocr_line' id='line_1_23' title="bbox 131 1985 1504 2035; baseline 0 -9"><span class='ocrx_word' id='word_1_150' title='bbox 131 1986 210 2027; x_wconf 87' lang='lat' dir='ltr'>PH.</span> <span class='ocrx_word' id='word_1_151' title='bbox 247 1986 360 2035; x_wconf 76' lang='lat' dir='ltr'>Quid</span> <span class='ocrx_word' id='word_1_152' title='bbox 380 1992 468 2027; x_wconf 89' lang='lat' dir='ltr'>erat</span> <span class='ocrx_word' id='word_1_153' title='bbox 489 1986 528 2027; x_wconf 92' lang='lat' dir='ltr'>ei</span> <span class='ocrx_word' id='word_1_154' title='bbox 548 1985 703 2027; x_wconf 74' lang='lat' dir='ltr'>nomen</span> <span class='ocrx_word' id='word_1_155' title='bbox 719 1988 734 2026; x_wconf 73' lang='lat'><em>2</em></span> <span class='ocrx_word' id='word_1_156' title='bbox 764 1987 801 2027; x_wconf 95' lang='lat' dir='ltr'>si</span> <span class='ocrx_word' id='word_1_157' title='bbox 821 2000 921 2027; x_wconf 89' lang='lat' dir='ltr'>uera</span> <span class='ocrx_word' id='word_1_158' title='bbox 942 1986 1057 2034; x_wconf 83' lang='lat' dir='ltr'>dicis,</span> <span class='ocrx_word' id='word_1_159' title='bbox 1078 1985 1368 2027; x_wconf 86' lang='lat' dir='ltr'>memoradum</span> <span class='ocrx_word' id='word_1_160' title='bbox 1387 1986 1504 2027; x_wconf 87' lang='lat' dir='ltr'>mihi.</span> 
     </span>
     <span class='ocr_line' id='line_1_24' title="bbox 131 2053 1441 2109; baseline 0.001 -15"><span class='ocrx_word' id='word_1_161' title='bbox 131 2053 196 2094; x_wconf 88' lang='lat' dir='ltr'>ST.</span> <span class='ocrx_word' id='word_1_162' title='bbox 246 2053 478 2108; x_wconf 78' lang='lat' dir='ltr'>Paegnium</span> <span class='ocrx_word' id='word_1_163' title='bbox 500 2053 752 2095; x_wconf 77' lang='lat' dir='ltr'>uocitatust:</span> <span class='ocrx_word' id='word_1_164' title='bbox 782 2060 878 2108; x_wconf 89' lang='lat' dir='ltr'>post</span> <span class='ocrx_word' id='word_1_165' title='bbox 900 2068 975 2095; x_wconf 93' lang='lat' dir='ltr'>uos</span> <span class='ocrx_word' id='word_1_166' title='bbox 996 2054 1212 2095; x_wconf 81' lang='lat' dir='ltr'>indidistis</span> <span class='ocrx_word' id='word_1_167' title='bbox 1233 2054 1441 2109; x_wconf 58' lang='lat' dir='ltr'>TJndaro.</span> 
     </span>
     <span class='ocr_line' id='line_1_25' title="bbox 131 2120 751 2175; baseline 0.002 -14"><span class='ocrx_word' id='word_1_168' title='bbox 131 2121 209 2162; x_wconf 81' lang='lat' dir='ltr'>PH.</span> <span class='ocrx_word' id='word_1_169' title='bbox 247 2120 333 2163; x_wconf 81' lang='grc'>0111</span> <span class='ocrx_word' id='word_1_170' title='bbox 353 2135 428 2175; x_wconf 85' lang='lat' dir='ltr'>ego</span> <span class='ocrx_word' id='word_1_171' title='bbox 448 2126 491 2162; x_wconf 86' lang='lat' dir='ltr'>te</span> <span class='ocrx_word' id='word_1_172' title='bbox 511 2135 598 2162; x_wconf 92' lang='lat' dir='ltr'>non</span> <span class='ocrx_word' id='word_1_173' title='bbox 617 2120 719 2162; x_wconf 79' lang='lat' dir='ltr'>noui</span> <span class='ocrx_word' id='word_1_174' title='bbox 736 2124 751 2162; x_wconf 66' lang='grc' dir='ltr'>ἓ</span> 
     </span>
    </p>

    <p class='ocr_par' dir='ltr' id='par_1_12' title="bbox 689 2187 1573 2238">
     <span class='ocr_line' id='line_1_26' title="bbox 689 2187 1573 2238; baseline -0.001 -8"><span class='ocrx_word' id='word_1_175' title='bbox 689 2189 753 2230; x_wconf 91' lang='lat' dir='ltr'><strong>ST.</strong></span> <span class='ocrx_word' id='word_1_176' title='bbox 787 2189 897 2238; x_wconf 83' lang='lat' dir='ltr'>Quia</span> <span class='ocrx_word' id='word_1_177' title='bbox 917 2202 1007 2230; x_wconf 92' lang='lat' dir='ltr'>mos</span> <span class='ocrx_word' id='word_1_178' title='bbox 1030 2189 1094 2230; x_wconf 72' lang='lat' dir='ltr'>est</span> <span class='ocrx_word' id='word_1_179' title='bbox 1114 2189 1308 2230; x_wconf 90' lang='lat' dir='ltr'>obliuisci</span> <span class='ocrx_word' id='word_1_180' title='bbox 1328 2187 1573 2229; x_wconf 74' lang='lat' dir='ltr'>homiuibus</span> 
     </span>
    </p>

    <p class='ocr_par' dir='ltr' id='par_1_13' title="bbox 246 2254 1378 2310">
     <span class='ocr_line' id='line_1_27' title="bbox 246 2254 1378 2310; baseline -0.001 -13"><span class='ocrx_word' id='word_1_181' title='bbox 246 2254 396 2309; x_wconf 72' lang='lat' dir='ltr'>Neque</span> <span class='ocrx_word' id='word_1_182' title='bbox 417 2256 598 2304; x_wconf 89' lang='lat' dir='ltr'>nouisse,</span> <span class='ocrx_word' id='word_1_183' title='bbox 619 2255 771 2310; x_wconf 78' lang='lat' dir='ltr'>quoius</span> <span class='ocrx_word' id='word_1_184' title='bbox 792 2257 921 2297; x_wconf 82' lang='lat' dir='ltr'>nihili</span> <span class='ocrx_word' id='word_1_185' title='bbox 942 2257 998 2297; x_wconf 70' lang='lat' dir='ltr'>sit</span> <span class='ocrx_word' id='word_1_186' title='bbox 1018 2256 1215 2297; x_wconf 87' lang='lat' dir='ltr'>faciunda</span> <span class='ocrx_word' id='word_1_187' title='bbox 1234 2256 1378 2310; x_wconf 73' lang='lat' dir='ltr'>gratia.</span> 
     </span>
    </p>

    <p class='ocr_par' dir='ltr' id='par_1_14' title="bbox 132 2321 1602 2377">
     <span class='ocr_line' id='line_1_28' title="bbox 132 2321 1602 2377; baseline 0 -13"><span class='ocrx_word' id='word_1_188' title='bbox 132 2323 210 2365; x_wconf 77' lang='lat' dir='ltr'>Pa.</span> <span class='ocrx_word' id='word_1_189' title='bbox 245 2323 328 2364; x_wconf 84' lang='lat' dir='ltr'>Dic</span> <span class='ocrx_word' id='word_1_190' title='bbox 347 2323 464 2372; x_wconf 84' lang='grc'>1111111,</span> <span class='ocrx_word' id='word_1_191' title='bbox 485 2323 577 2364; x_wconf 89' lang='lat' dir='ltr'>isne</span> <span class='ocrx_word' id='word_1_192' title='bbox 597 2324 694 2364; x_wconf 84' lang='lat' dir='ltr'>istic</span> <span class='ocrx_word' id='word_1_193' title='bbox 714 2324 798 2364; x_wconf 87' lang='lat' dir='ltr'>fuit</span> <span class='ocrx_word' id='word_1_194' title='bbox 818 2337 945 2377; x_wconf 89' lang='lat' dir='ltr'>quem</span> <span class='ocrx_word' id='word_1_195' title='bbox 966 2323 1199 2364; x_wconf 87' lang='lat' dir='ltr'>ue&#39;ndidisti</span> <span class='ocrx_word' id='word_1_196' title='bbox 1219 2321 1312 2364; x_wconf 77' lang='lat' dir='ltr'>meo</span> <span class='ocrx_word' id='word_1_197' title='bbox 1331 2323 1454 2376; x_wconf 86' lang='lat' dir='ltr'>patri,</span> <span class='ocrx_word' id='word_1_198' title='bbox 1550 2323 1602 2364; x_wconf 89' lang='lat'>10</span> 
     </span>
    </p>
   </div>
   <div class='ocr_carea' id='block_1_11' title="bbox 133 2437 1606 2592">
    <p class='ocr_par' dir='ltr' id='par_1_15' title="bbox 133 2437 1606 2592">
     <span class='ocr_line' id='line_1_29' title="bbox 180 2437 1603 2484; baseline 0.001 -12"><span class='ocrx_word' id='word_1_199' title='bbox 180 2440 223 2474; x_wconf 87' lang='lat'>17</span> <span class='ocrx_word' id='word_1_200' title='bbox 248 2437 373 2473; x_wconf 83' lang='lat' dir='ltr'>subter</span> <span class='ocrx_word' id='word_1_201' title='bbox 389 2437 511 2484; x_wconf 82' lang='lat' dir='ltr'>fi1gere</span> <span class='ocrx_word' id='word_1_202' title='bbox 528 2437 569 2473; x_wconf 89' lang='lat' dir='ltr'><strong>J.</strong></span> <span class='ocrx_word' id='word_1_203' title='bbox 733 2438 884 2484; x_wconf 86' lang='lat' dir='ltr'>potisses</span> <span class='ocrx_word' id='word_1_204' title='bbox 901 2438 942 2472; x_wconf 91' lang='grc' dir='ltr'>Β.</span> <span class='ocrx_word' id='word_1_205' title='bbox 1104 2439 1146 2472; x_wconf 86' lang='grc'>18</span> <span class='ocrx_word' id='word_1_206' title='bbox 1170 2437 1289 2471; x_wconf 76' lang='lat' dir='ltr'>stands</span> <span class='ocrx_word' id='word_1_207' title='bbox 1305 2437 1396 2483; x_wconf 79' lang='lat' dir='ltr'>after</span> <span class='ocrx_word' id='word_1_208' title='bbox 1413 2440 1458 2472; x_wconf 81' lang='lat'>20</span> <span class='ocrx_word' id='word_1_209' title='bbox 1474 2438 1514 2472; x_wconf 82' lang='lat' dir='ltr'>in</span> <span class='ocrx_word' id='word_1_210' title='bbox 1531 2437 1603 2473; x_wconf 87' lang='lat' dir='ltr'>BJ.</span> 
     </span>
     <span class='ocr_line' id='line_1_30' title="bbox 178 2491 1604 2536; baseline -0.001 -9"><span class='ocrx_word' id='word_1_211' title='bbox 178 2493 329 2527; x_wconf 81' lang='lat' dir='ltr'>efficiam</span> <span class='ocrx_word' id='word_1_212' title='bbox 347 2493 385 2528; x_wconf 90' lang='lat' dir='ltr'><strong>J.</strong></span> <span class='ocrx_word' id='word_1_213' title='bbox 462 2495 504 2527; x_wconf 89' lang='lat'>19</span> <span class='ocrx_word' id='word_1_214' title='bbox 531 2492 623 2535; x_wconf 87' lang='lat' dir='ltr'>Quia</span> <span class='ocrx_word' id='word_1_215' title='bbox 641 2496 677 2526; x_wconf 89' lang='lat' dir='ltr'>et</span> <span class='ocrx_word' id='word_1_216' title='bbox 700 2492 774 2536; x_wconf 87' lang='lat' dir='ltr'><strong>BJ,</strong></span> <span class='ocrx_word' id='word_1_217' title='bbox 799 2497 834 2527; x_wconf 87' lang='lat' dir='ltr'>et</span> <span class='ocrx_word' id='word_1_218' title='bbox 852 2504 914 2527; x_wconf 81' lang='lat' dir='ltr'><strong>om.</strong></span> <span class='ocrx_word' id='word_1_219' title='bbox 934 2492 1011 2535; x_wconf 92' lang='lat' dir='ltr'><strong>Br.‚</strong></span> <span class='ocrx_word' id='word_1_220' title='bbox 1038 2491 1136 2534; x_wconf 89' lang='lat' dir='ltr'>Quin</span> <span class='ocrx_word' id='word_1_221' title='bbox 1161 2492 1260 2526; x_wconf 73' lang='lat' dir='ltr'><strong>Bene.</strong></span> <span class='ocrx_word' id='word_1_222' title='bbox 1346 2495 1391 2526; x_wconf 71' lang='lat'>2¹)</span> <span class='ocrx_word' id='word_1_223' title='bbox 1415 2492 1604 2526; x_wconf 86' lang='lat' dir='ltr'>Theodoro</span> 
     </span>
     <span class='ocr_line' id='line_1_31' title="bbox 133 2546 1606 2592; baseline -0.001 -11"><span class='ocrx_word' id='word_1_224' title='bbox 133 2547 273 2582; x_wconf 88' lang='lat' dir='ltr'>medico</span> <span class='ocrx_word' id='word_1_225' title='bbox 296 2547 340 2591; x_wconf 90' lang='lat' dir='ltr'>B,</span> <span class='ocrx_word' id='word_1_226' title='bbox 365 2546 527 2581; x_wconf 89' lang='lat' dir='ltr'>Teodoro</span> <span class='ocrx_word' id='word_1_227' title='bbox 544 2547 684 2581; x_wconf 90' lang='lat' dir='ltr'>medico</span> <span class='ocrx_word' id='word_1_228' title='bbox 701 2547 738 2582; x_wconf 89' lang='lat' dir='ltr'><strong>J.</strong></span> <span class='ocrx_word' id='word_1_229' title='bbox 903 2547 1134 2592; x_wconf 88' lang='lat' dir='ltr'>Poliphrusio</span> <span class='ocrx_word' id='word_1_230' title='bbox 1151 2547 1188 2582; x_wconf 92' lang='lat' dir='ltr'><strong>J.</strong></span> <span class='ocrx_word' id='word_1_231' title='bbox 1357 2549 1398 2580; x_wconf 77' lang='lat'>21</span> <span class='ocrx_word' id='word_1_232' title='bbox 1426 2546 1546 2592; x_wconf 81' lang='lat' dir='ltr'>prodii</span> <span class='ocrx_word' id='word_1_233' title='bbox 1564 2546 1606 2581; x_wconf 93' lang='lat' dir='ltr'>J.</span> 
     </span>
    </p>
   </div>
   <div class='ocr_carea' id='block_1_12' title="bbox 131 2599 1606 2859">
    <p class='ocr_par' dir='ltr' id='par_1_16' title="bbox 131 2599 1606 2859">
     <span class='ocr_line' id='line_1_32' title="bbox 132 2599 1603 2645; baseline 0 -10"><span class='ocrx_word' id='word_1_234' title='bbox 132 2603 177 2635; x_wconf 80' lang='lat'>22</span> <span class='ocrx_word' id='word_1_235' title='bbox 204 2601 419 2635; x_wconf 78' lang='lat' dir='ltr'>Philocratis</span> <span class='ocrx_word' id='word_1_236' title='bbox 434 2601 477 2644; x_wconf 90' lang='lat' dir='ltr'>B,</span> <span class='ocrx_word' id='word_1_237' title='bbox 508 2600 730 2635; x_wconf 82' lang='lat' dir='ltr'>Philocrates</span> <span class='ocrx_word' id='word_1_238' title='bbox 746 2600 786 2644; x_wconf 90' lang='lat' dir='ltr'>J,</span> <span class='ocrx_word' id='word_1_239' title='bbox 814 2599 1011 2635; x_wconf 86' lang='lat' dir='ltr'>Philocrati</span> <span class='ocrx_word' id='word_1_240' title='bbox 1032 2603 1139 2645; x_wconf 70' lang='lat' dir='ltr'><strong>(qen.)</strong></span> <span class='ocrx_word' id='word_1_241' title='bbox 1159 2600 1193 2634; x_wconf 81' lang='lat' dir='ltr'><em>F</em></span> <span class='ocrx_word' id='word_1_242' title='bbox 1192 2600 1213 2634; x_wconf 85' lang='lat' dir='ltr'>l.</span> <span class='ocrx_word' id='word_1_243' title='bbox 1295 2612 1404 2645; x_wconf 85' lang='lat' dir='ltr'>quam</span> <span class='ocrx_word' id='word_1_244' title='bbox 1422 2606 1457 2634; x_wconf 89' lang='lat' dir='ltr'>te</span> <span class='ocrx_word' id='word_1_245' title='bbox 1479 2605 1514 2634; x_wconf 87' lang='lat' dir='ltr'>et</span> <span class='ocrx_word' id='word_1_246' title='bbox 1532 2600 1603 2643; x_wconf 90' lang='lat' dir='ltr'><strong>BJ,</strong></span> 
     </span>
     <span class='ocr_line' id='line_1_33' title="bbox 131 2654 1602 2701; baseline -0.001 -12"><span class='ocrx_word' id='word_1_247' title='bbox 131 2659 174 2689; x_wconf 86' lang='lat' dir='ltr'>tu</span> <span class='ocrx_word' id='word_1_248' title='bbox 196 2655 243 2688; x_wconf 84' lang='lat' dir='ltr'><em>W</em></span> <span class='ocrx_word' id='word_1_249' title='bbox 242 2655 297 2690; x_wconf 80' lang='lat' dir='ltr'><strong>eil.</strong></span> <span class='ocrx_word' id='word_1_250' title='bbox 366 2657 410 2689; x_wconf 83' lang='lat'>24</span> <span class='ocrx_word' id='word_1_251' title='bbox 435 2660 542 2689; x_wconf 87' lang='lat' dir='ltr'>tuum</span> <span class='ocrx_word' id='word_1_252' title='bbox 558 2659 593 2689; x_wconf 86' lang='lat' dir='ltr'>te</span> <span class='ocrx_word' id='word_1_253' title='bbox 610 2655 799 2701; x_wconf 84' lang='lat' dir='ltr'>ingenium</span> <span class='ocrx_word' id='word_1_254' title='bbox 817 2655 859 2699; x_wconf 83' lang='lat' dir='ltr'>B,</span> <span class='ocrx_word' id='word_1_255' title='bbox 885 2660 991 2689; x_wconf 89' lang='lat' dir='ltr'>tuum</span> <span class='ocrx_word' id='word_1_256' title='bbox 1008 2655 1196 2700; x_wconf 82' lang='lat' dir='ltr'>ingenium</span> <span class='ocrx_word' id='word_1_257' title='bbox 1214 2654 1253 2697; x_wconf 87' lang='lat' dir='ltr'><strong>J,</strong></span> <span class='ocrx_word' id='word_1_258' title='bbox 1277 2660 1384 2689; x_wconf 89' lang='lat' dir='ltr'>tuum</span> <span class='ocrx_word' id='word_1_259' title='bbox 1401 2659 1436 2688; x_wconf 91' lang='lat' dir='ltr'>te</span> <span class='ocrx_word' id='word_1_260' title='bbox 1453 2654 1602 2699; x_wconf 81' lang='lat' dir='ltr'>genium</span> 
     </span>
     <span class='ocr_line' id='line_1_34' title="bbox 131 2709 677 2744; baseline -0.002 0"><span class='ocrx_word' id='word_1_261' title='bbox 131 2709 232 2744; x_wconf 76' lang='lat' dir='ltr'>Bent.</span> <span class='ocrx_word' id='word_1_262' title='bbox 251 2721 296 2744; x_wconf 80' lang='lat' dir='ltr'>on</span> <span class='ocrx_word' id='word_1_263' title='bbox 315 2709 386 2744; x_wconf 80' lang='lat' dir='ltr'><strong>Ter.</strong></span> <span class='ocrx_word' id='word_1_264' title='bbox 406 2709 518 2743; x_wconf 75' lang='lat' dir='ltr'><strong>Andr.</strong></span> <span class='ocrx_word' id='word_1_265' title='bbox 539 2719 552 2744; x_wconf 94' lang='lat'>1</span> <span class='ocrx_word' id='word_1_266' title='bbox 571 2712 602 2744; x_wconf 91' lang='lat'>5.</span> <span class='ocrx_word' id='word_1_267' title='bbox 622 2712 677 2743; x_wconf 85' lang='lat'>54.</span> 
     </span>
     <span class='ocr_line' id='line_1_35' title="bbox 179 2762 1605 2809; baseline -0.001 -10"><span class='ocrx_word' id='word_1_268' title='bbox 179 2767 201 2799; x_wconf 89' lang='lat'><strong>3</strong></span> <span class='ocrx_word' id='word_1_269' title='bbox 226 2763 398 2806; x_wconf 83' lang='lat' dir='ltr'>Quandiu</span> <span class='ocrx_word' id='word_1_270' title='bbox 415 2763 453 2799; x_wconf 93' lang='lat' dir='ltr'>J.</span> <span class='ocrx_word' id='word_1_271' title='bbox 581 2763 780 2809; x_wconf 82' lang='lat' dir='ltr'>uigesimus</span> <span class='ocrx_word' id='word_1_272' title='bbox 796 2763 834 2799; x_wconf 88' lang='lat' dir='ltr'>J.</span> <span class='ocrx_word' id='word_1_273' title='bbox 941 2766 962 2797; x_wconf 87' lang='lat'>5</span> <span class='ocrx_word' id='word_1_274' title='bbox 988 2762 1225 2808; x_wconf 80' lang='lat' dir='ltr'>pecculiarcm</span> <span class='ocrx_word' id='word_1_275' title='bbox 1248 2762 1287 2797; x_wconf 91' lang='lat' dir='ltr'>J.</span> <span class='ocrx_word' id='word_1_276' title='bbox 1384 2764 1406 2796; x_wconf 88' lang='grc'><strong>6</strong></span> <span class='ocrx_word' id='word_1_277' title='bbox 1432 2762 1540 2805; x_wconf 75' lang='lat' dir='ltr'>Quod</span> <span class='ocrx_word' id='word_1_278' title='bbox 1565 2763 1597 2798; x_wconf 93' lang='lat' dir='ltr'><strong>J</strong></span> <span class='ocrx_word' id='word_1_279' title='bbox 1598 2781 1605 2788; x_wconf 94' lang='lat'><em>·</em></span> 
     </span>
     <span class='ocr_line' id='line_1_36' title="bbox 201 2817 1606 2859; baseline -0.001 -7"><span class='ocrx_word' id='word_1_280' title='bbox 201 2817 476 2853; x_wconf 83' lang='lat' dir='ltr'>memorandum</span> <span class='ocrx_word' id='word_1_281' title='bbox 494 2817 532 2853; x_wconf 89' lang='lat' dir='ltr'>J.</span> <span class='ocrx_word' id='word_1_282' title='bbox 630 2820 650 2851; x_wconf 93' lang='lat'>7</span> <span class='ocrx_word' id='word_1_283' title='bbox 677 2818 851 2852; x_wconf 84' lang='lat' dir='ltr'>Peenium</span> <span class='ocrx_word' id='word_1_284' title='bbox 867 2818 1047 2852; x_wconf 87' lang='lat' dir='ltr'>uocitatus</span> <span class='ocrx_word' id='word_1_285' title='bbox 1063 2825 1115 2851; x_wconf 82' lang='lat' dir='ltr'>est</span> <span class='ocrx_word' id='word_1_286' title='bbox 1134 2818 1175 2859; x_wconf 90' lang='lat' dir='ltr'>B,</span> <span class='ocrx_word' id='word_1_287' title='bbox 1203 2817 1271 2851; x_wconf 86' lang='lat' dir='ltr'>Pec</span> <span class='ocrx_word' id='word_1_288' title='bbox 1288 2817 1405 2851; x_wconf 87' lang='lat' dir='ltr'>mium</span> <span class='ocrx_word' id='word_1_289' title='bbox 1424 2817 1606 2851; x_wconf 69' lang='lat' dir='ltr'>umitatus</span> 
     </span>
    </p>
   </div>
   <div class='ocr_carea' id='block_1_13' title="bbox 131 2871 1247 2916">
    <p class='ocr_par' dir='ltr' id='par_1_17' title="bbox 131 2871 1247 2916">
     <span class='ocr_line' id='line_1_37' title="bbox 131 2871 1247 2916; baseline -0.003 -8"><span class='ocrx_word' id='word_1_290' title='bbox 131 2878 185 2907; x_wconf 81' lang='lat' dir='ltr'>est</span> <span class='ocrx_word' id='word_1_291' title='bbox 209 2873 247 2908; x_wconf 90' lang='lat' dir='ltr'>J.</span> <span class='ocrx_word' id='word_1_292' title='bbox 345 2875 367 2906; x_wconf 88' lang='grc'>9</span> <span class='ocrx_word' id='word_1_293' title='bbox 391 2871 503 2906; x_wconf 87' lang='lat' dir='ltr'>nihili</span> <span class='ocrx_word' id='word_1_294' title='bbox 527 2871 594 2906; x_wconf 78' lang='lat' dir='ltr'>Ed.</span> <span class='ocrx_word' id='word_1_295' title='bbox 613 2872 728 2916; x_wconf 67' lang='lat' dir='ltr'><em>Prin„</em></span> <span class='ocrx_word' id='word_1_296' title='bbox 746 2872 843 2906; x_wconf 79' lang='lat' dir='ltr'><strong>Bent.</strong></span> <span class='ocrx_word' id='word_1_297' title='bbox 943 2874 986 2906; x_wconf 91' lang='grc'>10</span> <span class='ocrx_word' id='word_1_298' title='bbox 1010 2871 1041 2906; x_wconf 86' lang='lat' dir='ltr'>is</span> <span class='ocrx_word' id='word_1_299' title='bbox 1057 2872 1184 2906; x_wconf 85' lang='lat' dir='ltr'>neistic</span> <span class='ocrx_word' id='word_1_300' title='bbox 1209 2871 1247 2907; x_wconf 90' lang='lat' dir='ltr'>J.</span> 
     </span>
    </p>
   </div>
  </div>
 </body>
</html>
