1958 3239
169 207 203 254 11
226 213 259 254 1.
283 213 442 268 7-28]
805 226 1014 259 σΑΡΤΙνῙ.
1582 222 1635 264 31

168 318 242 360 CA.
285 319 364 370 Oh,
385 320 450 362 oh.

313 387 384 429 Lo.
409 379 649 430 Eiulatione
665 388 779 430 haud
795 402 900 443 opus
918 394 1004 431 est:
1029 387 1162 431 oculis
1179 390 1359 431 multam
1375 391 1480 432 iram
1497 391 1633 436 editis.

279 455 333 495 In
353 454 396 497 re
417 456 530 497 mala
549 457 692 498 animo
713 457 750 498 si
769 457 879 498 bono
901 462 1030 506 utare,
1052 457 1238 499 adiuuat.

164 521 238 563 CA.
279 523 341 564 At
360 522 436 565 nos
457 524 590 578 pudet
610 525 711 578 quia
731 523 829 566 011111
851 525 1011 566 catenis
1033 524 1190 566 sumus.

1111 593 1184 635 Lo.
1215 593 1276 634 At
1296 594 1438 648 pigeat
1458 593 1605 649 postea

275 657 481 700 Nostrum
502 673 631 709 erum,
653 660 690 702 si
710 674 786 702 uos
807 659 967 702 eximat
987 660 1173 702 uinculis
1579 665 1631 704 10

274 725 366 767 Α111
387 726 546 769 solutos
568 728 681 769 sinat
701 727 806 782 quos
827 734 1000 783 argento
1021 728 1180 770 emerit.

161 792 236 834 CA.
277 793 390 843 Quid
411 808 436 835 a
456 794 577 836 nobis
598 797 782 837 metuit?
813 797 969 838 scimus
990 810 1067 838 nos

274 860 479 903 Nostrum
501 863 685 904 officinm
706 865 820 917 quod
841 870 916 913 est,
938 865 973 905 si
994 863 1153 905 solutos
1175 865 1296 905 sinat.

158 927 229 969 LO.
273 914 335 970 At
354 930 497 984 fugam
519 931 705 986 fingitis:
735 932 872 974 sentio
894 931 1022 986 (111ιὶ111
1041 946 1131 973 rem
1152 932 1288 986 agitis.

159 995 233 1037 CA.
274 997 365 1038 Nos
385 997 628 1053 fugiamus?
658 1014 742 1054 quo
764 999 975 1054 fugiamus
992 1002 1007 1040 2
1576 1003 1627 1042 15

790 1068 861 1109 Lo.
894 1067 947 1108 In
968 1067 1160 1121 patriam.

916 1136 990 1177 CA.
1022 1136 1181 1190 Apage,
1197 1135 1312 1176 haud
1328 1149 1406 1177 nos
1423 1135 1467 1177 id
1483 1136 1630 1178 deceat

271 1190 493 1244 Fugitiuos
513 1191 683 1233 imitari.

294 1310 305 1324 Ι
521 1261 592 1301 LO.
626 1247 763 1301 immo
780 1260 941 1314 edepol,
957 1260 994 1302 si
1010 1261 1090 1302 erit
1106 1260 1280 1310 occasio,
1293 1260 1407 1302 haud
1421 1259 1627 1303 dehortor.

41 1321 137 1386 '210
157 1325 232 1367 CA.
273 1326 420 1368 Vnum
442 1328 612 1370 exorare
632 1342 709 1370 uos
730 1328 858 1370 sinite
878 1342 965 1370 nos.

292 1435 303 1450 Ι
982 1386 1054 1427 Lo.
1087 1385 1302 1435 Quidnam
1322 1385 1367 1426 id
1387 1387 1483 1427 est?

156 1450 230 1492 CA.
271 1451 334 1492 Vt
353 1451 445 1493 sine
465 1451 582 1494 hisce
602 1453 770 1495 arbitris
792 1453 921 1508 atque
942 1453 1064 1494 uobis

269 1518 404 1561 Nobis
426 1520 534 1562 detis
554 1521 696 1562 locum
717 1522 1007 1576 conloquendi.

153 1587 224 1628 Lo.
267 1587 374 1629 Fiat.
434 1588 646 1630 abscedite
667 1590 776 1631 hinc.
837 1589 913 1631 nos
935 1589 1213 1631 concedamus
1234 1589 1329 1630 11110.
1570 1589 1624 1629 20

269 1655 352 1696 Se'd
372 1655 545 1698 breuem
565 1657 798 1699 orationem
819 1658 1029 1712 incipisse.

153 1723 230 1764 PH.
262 1724 354 1772 Em,
375 1723 486 1765 151110
506 1725 614 1766 1111111
636 1730 798 1767 certum
820 1731 932 1767 erat:
962 1724 1144 1767 concede
1164 1725 1259 1766 huc.

153 1790 225 1833 Lo.
265 1791 397 1833 Abite
417 1792 470 1833 ab
490 1792 596 1834 istis.

613 1851 686 1892 TY.
719 1849 905 1892 Obnoxii
925 1850 1049 1891 ambo

267 1915 402 1958 Vobis
422 1931 570 1959 sumus
590 1917 761 1972 propter
780 1918 891 1959 hanc
910 1917 1010 1967 rem,
1036 1931 1165 1972 quom
1186 1930 1294 1971 quae
1315 1915 1514 1958 uolumus
1534 1931 1623 1966 nos,

268 1983 441 2039 Copiast
462 1986 582 2039 <itque
603 2000 651 2027 ea
671 1986 813 2027 facitis
835 2000 911 2027 nos
933 1984 1145 2040 conpotes.
1568 1986 1621 2025 25

151 2052 229 2094 PH.
266 2052 421 2094 Secede
442 2053 525 2094 huc
546 2053 759 2104 nunciam,
781 2054 817 2096 si
837 2053 1018 2103 uidetur,
1040 2053 1199 2107 procul,

265 2121 309 2162 N
311 2135 332 2162 e
353 2121 500 2162 arbitri
522 2122 635 2163 dicta
655 2127 799 2164 nostra
819 2121 1013 2163 arbitrari
1034 2126 1193 2175 queant

48 2179 133 2221 220
265 2187 363 2230 Neu
382 2189 603 2243 permanet
621 2190 765 2244 palam
784 2190 888 2231 haec
909 2188 1052 2231 nostra
1072 2189 1251 2231 fallacia.

197 2272 219 2307 7
244 2271 291 2306 oh
308 2271 355 2306 oh
373 2271 420 2306 oh
436 2273 479 2317 B,
509 2272 578 2307 oho
595 2272 669 2307 hoh
691 2273 721 2307 J
746 2273 800 2318 (in
817 2273 892 2307 both
910 2276 947 2306 at
964 2272 1028 2306 end
1045 2272 1084 2316 of
1096 2272 1144 2316 6).
1240 2270 1358 2304 multa
1374 2270 1487 2305 oculis
1503 2270 1622 2305 multa

149 2326 340 2361 miraclitis
366 2327 475 2370 (mira
492 2327 588 2361 clitis
605 2339 642 2362 or
658 2327 746 2362 ditis
771 2328 822 2371 D)
850 2328 994 2371 BD(S)‚
1019 2326 1137 2360 multa
1159 2325 1273 2360 oculis
1293 2325 1410 2359 multa
1435 2326 1528 2360 mira
1545 2326 1622 2360 litis

152 2381 250 2425 (with
266 2393 284 2415 c
301 2381 414 2415 erased
426 2381 563 2415 between
576 2382 669 2416 mira
682 2382 753 2416 ancl
770 2381 860 2426 litis)
879 2382 916 2425 J,
934 2381 1047 2415 oculis
1060 2380 1215 2414 multam
1228 2380 1318 2413 iram
1332 2379 1438 2414 editis
1452 2380 1494 2413 A.
1510 2381 1621 2414 Kiene

148 2435 269 2470 Jahrb.
288 2438 390 2479 1866,
402 2448 439 2481 p.
457 2438 536 2471 482.
603 2439 624 2471 9
642 2436 745 2481 After
756 2436 871 2483 pudet
888 2448 934 2470 an
953 2447 1086 2469 erasure
1100 2435 1139 2480 ⁰s
1147 2437 1167 2468 6
1182 2435 1290 2468 letters
1301 2434 1339 2468 J.
1389 2435 1561 2469 catenatis
1577 2435 1620 2479 B,

150 2490 285 2525 catenis
302 2490 384 2534 D(S
392 2490 443 2532 )J.
528 2491 696 2537 adpigeat
712 2491 753 2525 Β.
841 2494 881 2525 11
910 2491 962 2525 At
979 2490 1116 2525 solutor
1133 2489 1171 2523 J.
1254 2489 1419 2534 sinatque
1437 2500 1527 2534 quos
1548 2489 1617 2523 BJ.

152 2547 197 2579 14
221 2544 346 2591 fugitis
363 2545 434 2579 scio
451 2545 487 2580 J.
559 2549 601 2580 15
626 2546 782 2592 patriam
807 2547 873 2581 CA.
901 2545 999 2580 haud
1016 2557 1081 2579 nos
1098 2545 1199 2579 decet
1215 2544 1251 2578 J.
1320 2546 1457 2578 17—19
1482 2543 1515 2577 Β
1529 2544 1620 2587 {lives

149 2611 267 2634 unum
285 2627 293 2634 .
309 2627 316 2634 .
333 2627 340 2634 .
356 2627 363 2634 .
382 2611 448 2635 nos
472 2601 544 2635 ancl
568 2605 610 2635 ut
627 2627 634 2635 .
651 2628 659 2635 .
675 2627 682 2636 .
699 2628 706 2636 .
723 2600 965 2646 conloquendi
985 2605 1016 2634 to
1033 2600 1126 2634 Phil.
1242 2601 1286 2633 18
1311 2598 1363 2632 Vt
1377 2624 1385 2633 .
1401 2624 1408 2632 .
1425 2623 1434 2632 .
1450 2623 1458 2632 .
1473 2597 1619 2633 arbitn’s

144 2659 229 2700 part
242 2655 464 2700 ofprecediny
477 2655 546 2689 line
562 2656 603 2689 in
615 2656 685 2691 BJ.
751 2660 859 2702 atque
872 2683 879 2690 .
893 2682 901 2690 .
915 2682 922 2690 .
936 2682 944 2690 .
956 2655 1131 2701 loquendi
1147 2654 1224 2698 (19)
1241 2665 1298 2687 one
1313 2653 1326 2686 l
1337 2653 1405 2687 BJ.
1482 2655 1524 2687 19
1541 2665 1617 2687 con·

149 2709 324 2755 loquendi
336 2710 398 2744 Br.
464 2713 510 2744 20
532 2722 597 2745 uos
609 2711 644 2745 J.
712 2714 754 2745 21
770 2723 806 2756 p.
822 2711 906 2755 ofp.
922 2710 942 2744 I.
958 2710 997 2743 in
1011 2710 1050 2744 J.
1099 2709 1273 2754 incipesse
1290 2708 1330 2742 B.
1392 2710 1436 2741 22
1461 2708 1618 2752 assigned

151 2768 184 2799 to
204 2765 312 2809 Tynd.
330 2765 386 2799 B1.
498 2764 582 2799 hem
599 2766 634 2800 J.
732 2766 782 2799 mi
800 2766 837 2800 J.
935 2767 980 2799 23
1001 2776 1036 2809 p.
1057 2763 1139 2808 ofp.
1161 2764 1182 2797 l.
1201 2764 1241 2797 im
1258 2763 1325 2797 BJ.
1419 2762 1558 2796 obnixii
1576 2763 1616 2797 J.

151 2822 197 2854 24
221 2831 375 2865 cumque
392 2819 462 2855 BJ.
572 2823 615 2854 25
641 2824 740 2865 atque
757 2820 863 2864 Mille.
987 2821 1030 2853 26
1055 2830 1152 2852 nunc
1170 2818 1242 2852 iam
1259 2818 1328 2861 BJ,
1346 2817 1517 2852 nunciam
1534 2817 1594 2852 Br.
1603 2829 1616 2862 ;

150 2874 249 2910 Bent.
266 2874 415 2909 remarks
431 2876 441 2893 ‘
455 2874 580 2910 Cretici
596 2875 731 2910 versus)
825 2877 870 2910 28
896 2874 1000 2910 Neue
1016 2874 1086 2917 BJ,
1104 2873 1188 2908 Neu
1205 2873 1276 2907 edd.
1295 2884 1356 2908 rec.
