<?xml version="1.0" encoding="UTF-8"?>
<!DOCTYPE html PUBLIC "-//W3C//DTD XHTML 1.0 Transitional//EN"
    "http://www.w3.org/TR/xhtml1/DTD/xhtml1-transitional.dtd">
<html xmlns="http://www.w3.org/1999/xhtml" xml:lang="en" lang="en">
 <head>
  <title>
</title>
<meta http-equiv="Content-Type" content="text/html;charset=utf-8" />
  <meta name='ocr-system' content='tesseract 3.04.00' />
  <meta name='ocr-capabilities' content='ocr_page ocr_carea ocr_par ocr_line ocrx_word'/>
</head>
<body>
  <div class='ocr_page' id='page_1' title='image "./captivip00plauuoft_0077.png"; bbox 0 0 1958 3239; ppageno 0'>
   <div class='ocr_carea' id='block_1_1' title="bbox 148 242 1612 295">
    <p class='ocr_par' dir='ltr' id='par_1_1' title="bbox 148 242 1612 295">
     <span class='ocr_line' id='line_1_1' title="bbox 148 242 1612 295; baseline 0.001 -13"><span class='ocrx_word' id='word_1_1' title='bbox 148 252 174 281; x_wconf 88' lang='lat' dir='ltr'>v</span> <span class='ocrx_word' id='word_1_2' title='bbox 199 243 220 282; x_wconf 86' lang='lat'>1</span> <span class='ocrx_word' id='word_1_3' title='bbox 246 242 404 295; x_wconf 86' lang='lat'>8—29]</span> <span class='ocrx_word' id='word_1_4' title='bbox 815 250 1024 283; x_wconf 69' lang='lat' dir='ltr'>CAPTJVJ.</span> <span class='ocrx_word' id='word_1_5' title='bbox 1560 244 1612 284; x_wconf 86' lang='grc'>65</span> 
     </span>
    </p>
   </div>
   <div class='ocr_carea' id='block_1_2' title="bbox 264 346 1615 402">
    <p class='ocr_par' dir='ltr' id='par_1_2' title="bbox 264 346 1615 402">
     <span class='ocr_line' id='line_1_2' title="bbox 264 346 1615 402; baseline -0.001 -13"><span class='ocrx_word' id='word_1_6' title='bbox 264 347 376 389; x_wconf 74' lang='lat' dir='ltr'>Satis</span> <span class='ocrx_word' id='word_1_7' title='bbox 410 347 495 388; x_wconf 88' lang='lat' dir='ltr'>iam</span> <span class='ocrx_word' id='word_1_8' title='bbox 525 347 672 388; x_wconf 89' lang='lat' dir='ltr'>audiui</span> <span class='ocrx_word' id='word_1_9' title='bbox 702 346 798 388; x_wconf 85' lang='lat' dir='ltr'>tua&#39;s</span> <span class='ocrx_word' id='word_1_10' title='bbox 831 361 1063 397; x_wconf 84' lang='lat' dir='ltr'>aerumnas,</span> <span class='ocrx_word' id='word_1_11' title='bbox 1091 347 1144 389; x_wconf 73' lang='lat' dir='ltr'>ad</span> <span class='ocrx_word' id='word_1_12' title='bbox 1171 352 1340 401; x_wconf 89' lang='lat' dir='ltr'>portum</span> <span class='ocrx_word' id='word_1_13' title='bbox 1371 348 1479 388; x_wconf 91' lang='lat' dir='ltr'>mihi</span> <span class='ocrx_word' id='word_1_14' title='bbox 1510 348 1615 402; x_wconf 64' lang='lat' dir='ltr'>quzis</span> 
     </span>
    </p>
   </div>
   <div class='ocr_carea' id='block_1_3' title="bbox 47 416 1257 525">
    <p class='ocr_par' dir='ltr' id='par_1_3' title="bbox 47 416 1257 525">
     <span class='ocr_line' id='line_1_3' title="bbox 1005 416 1257 457; baseline 0 -1"><span class='ocrx_word' id='word_1_15' title='bbox 1005 416 1257 457; x_wconf 80' lang='lat' dir='ltr'>memorasti.</span> 
     </span>
     <span class='ocr_line' id='line_1_4' title="bbox 47 465 562 525; baseline 0 -13"><span class='ocrx_word' id='word_1_16' title='bbox 47 465 129 505; x_wconf 85' lang='lat'>930</span> <span class='ocrx_word' id='word_1_17' title='bbox 265 470 359 512; x_wconf 80' lang='grc' dir='ltr'>Ηόο</span> <span class='ocrx_word' id='word_1_18' title='bbox 379 485 562 525; x_wconf 82' lang='lat' dir='ltr'>agamus.</span> 
     </span>
    </p>
   </div>
   <div class='ocr_carea' id='block_1_4' title="bbox 51 538 1626 2616">
    <p class='ocr_par' dir='ltr' id='par_1_4' title="bbox 263 538 1615 722">
     <span class='ocr_line' id='line_1_5' title="bbox 340 538 1530 592; baseline 0.002 -14"><span class='ocrx_word' id='word_1_19' title='bbox 340 539 544 579; x_wconf 80' lang='lat' dir='ltr'>PHILOCR.</span> <span class='ocrx_word' id='word_1_20' title='bbox 577 538 689 587; x_wconf 83' lang='lat' dir='ltr'>Quid</span> <span class='ocrx_word' id='word_1_21' title='bbox 706 551 830 587; x_wconf 91' lang='lat' dir='ltr'>nunc,</span> <span class='ocrx_word' id='word_1_22' title='bbox 847 539 1047 592; x_wconf 87' lang='lat' dir='ltr'>quoniam</span> <span class='ocrx_word' id='word_1_23' title='bbox 1064 539 1204 580; x_wconf 80' lang='lat' dir='ltr'>tecum</span> <span class='ocrx_word' id='word_1_24' title='bbox 1221 539 1387 580; x_wconf 88' lang='lat' dir='ltr'>seruaui</span> <span class='ocrx_word' id='word_1_25' title='bbox 1403 539 1530 580; x_wconf 87' lang='lat' dir='ltr'>fidem</span> 
     </span>
     <span class='ocr_line' id='line_1_6' title="bbox 263 605 1243 659; baseline 0.001 -13"><span class='ocrx_word' id='word_1_26' title='bbox 263 606 440 659; x_wconf 87' lang='lat' dir='ltr'>Tibique</span> <span class='ocrx_word' id='word_1_27' title='bbox 461 605 574 646; x_wconf 89' lang='lat' dir='ltr'>hunc</span> <span class='ocrx_word' id='word_1_28' title='bbox 595 605 791 646; x_wconf 79' lang='lat' dir='ltr'>reducem</span> <span class='ocrx_word' id='word_1_29' title='bbox 811 606 857 645; x_wconf 95' lang='lat' dir='ltr'>in</span> <span class='ocrx_word' id='word_1_30' title='bbox 873 605 1112 647; x_wconf 88' lang='lat' dir='ltr'>libertatem</span> <span class='ocrx_word' id='word_1_31' title='bbox 1133 606 1243 647; x_wconf 69' lang='lat' dir='ltr'>feci?</span> 
     </span>
     <span class='ocr_line' id='line_1_7' title="bbox 1087 672 1615 722; baseline -0.002 -8"><span class='ocrx_word' id='word_1_32' title='bbox 1087 674 1169 714; x_wconf 83' lang='grc' dir='ltr'>ΗΕ.</span> <span class='ocrx_word' id='word_1_33' title='bbox 1202 673 1359 714; x_wconf 78' lang='lat' dir='ltr'>Fecisti</span> <span class='ocrx_word' id='word_1_34' title='bbox 1379 672 1429 714; x_wconf 76' lang='lat' dir='ltr'>ut</span> <span class='ocrx_word' id='word_1_35' title='bbox 1449 673 1539 722; x_wconf 89' lang='lat' dir='ltr'>tibi,</span> <span class='ocrx_word' id='word_1_36' title='bbox 1563 673 1615 713; x_wconf 90' lang='grc'>10</span> 
     </span>
    </p>

    <p class='ocr_par' dir='ltr' id='par_1_5' title="bbox 264 740 1473 861">
     <span class='ocr_line' id='line_1_8' title="bbox 264 740 1473 795; baseline 0.002 -15"><span class='ocrx_word' id='word_1_37' title='bbox 264 741 534 788; x_wconf 78' lang='lat' dir='ltr'>Philocrates,</span> <span class='ocrx_word' id='word_1_38' title='bbox 555 740 788 793; x_wconf 72' lang='lat' dir='ltr'>numquam</span> <span class='ocrx_word' id='word_1_39' title='bbox 808 740 962 781; x_wconf 89' lang='lat' dir='ltr'>referre</span> <span class='ocrx_word' id='word_1_40' title='bbox 981 740 1158 795; x_wconf 69' lang='lat' dir='ltr'>gratiam</span> <span class='ocrx_word' id='word_1_41' title='bbox 1181 741 1339 794; x_wconf 86' lang='lat' dir='ltr'>possim</span> <span class='ocrx_word' id='word_1_42' title='bbox 1360 741 1473 790; x_wconf 87' lang='lat' dir='ltr'>satis,</span> 
     </span>
     <span class='ocr_line' id='line_1_9' title="bbox 266 807 1214 861; baseline 0.001 -13"><span class='ocrx_word' id='word_1_43' title='bbox 266 809 446 849; x_wconf 77' lang='lat' dir='ltr'>Proinde</span> <span class='ocrx_word' id='word_1_44' title='bbox 466 812 516 848; x_wconf 90' lang='lat' dir='ltr'>ut</span> <span class='ocrx_word' id='word_1_45' title='bbox 536 813 585 848; x_wconf 86' lang='lat' dir='ltr'>tu</span> <span class='ocrx_word' id='word_1_46' title='bbox 605 807 868 861; x_wconf 75' lang='lat' dir='ltr'>promeritu&#39;s</span> <span class='ocrx_word' id='word_1_47' title='bbox 889 808 941 849; x_wconf 90' lang='lat' dir='ltr'>de</span> <span class='ocrx_word' id='word_1_48' title='bbox 962 822 1029 849; x_wconf 91' lang='lat' dir='ltr'>me</span> <span class='ocrx_word' id='word_1_49' title='bbox 1051 813 1093 849; x_wconf 88' lang='lat' dir='ltr'>et</span> <span class='ocrx_word' id='word_1_50' title='bbox 1113 809 1214 849; x_wconf 88' lang='lat' dir='ltr'>filio.</span> 
     </span>
    </p>

    <p class='ocr_par' dir='ltr' id='par_1_6' title="bbox 264 875 1619 1130">
     <span class='ocr_line' id='line_1_10' title="bbox 1031 875 1619 928; baseline 0.002 -13"><span class='ocrx_word' id='word_1_51' title='bbox 1031 876 1204 916; x_wconf 76' lang='lat' dir='ltr'>PHILOP.</span> <span class='ocrx_word' id='word_1_52' title='bbox 1237 876 1386 925; x_wconf 88' lang='lat' dir='ltr'>Immo,</span> <span class='ocrx_word' id='word_1_53' title='bbox 1407 875 1473 916; x_wconf 72' lang='lat' dir='ltr'>mi</span> <span class='ocrx_word' id='word_1_54' title='bbox 1489 880 1619 928; x_wconf 86' lang='lat' dir='ltr'>pater,</span> 
     </span>
     <span class='ocr_line' id='line_1_11' title="bbox 265 934 1597 997; baseline -0.001 -14"><span class='ocrx_word' id='word_1_55' title='bbox 265 934 320 984; x_wconf 84' lang='lat' dir='ltr'>Et</span> <span class='ocrx_word' id='word_1_56' title='bbox 341 948 386 983; x_wconf 76' lang='lat' dir='ltr'>tu</span> <span class='ocrx_word' id='word_1_57' title='bbox 406 943 563 997; x_wconf 87' lang='lat' dir='ltr'>poteris</span> <span class='ocrx_word' id='word_1_58' title='bbox 585 942 626 983; x_wconf 72' lang='lat' dir='ltr'>et</span> <span class='ocrx_word' id='word_1_59' title='bbox 648 956 722 996; x_wconf 88' lang='lat' dir='ltr'>ego</span> <span class='ocrx_word' id='word_1_60' title='bbox 743 947 888 996; x_wconf 87' lang='lat' dir='ltr'>potero</span> <span class='ocrx_word' id='word_1_61' title='bbox 910 947 952 983; x_wconf 89' lang='lat' dir='ltr'>et</span> <span class='ocrx_word' id='word_1_62' title='bbox 973 942 1016 983; x_wconf 90' lang='lat' dir='ltr'>di</span> <span class='ocrx_word' id='word_1_63' title='bbox 1037 957 1130 984; x_wconf 89' lang='lat' dir='ltr'>eam</span> <span class='ocrx_word' id='word_1_64' title='bbox 1150 942 1404 996; x_wconf 71' lang='lat' dir='ltr'>potestatem</span> <span class='ocrx_word' id='word_1_65' title='bbox 1425 943 1597 990; x_wconf 89' lang='lat' dir='ltr'>dabunt,</span> 
     </span>
     <span class='ocr_line' id='line_1_12' title="bbox 265 996 1484 1058; baseline -0.001 -7"><span class='ocrx_word' id='word_1_66' title='bbox 265 996 327 1051; x_wconf 67' lang='lat' dir='ltr'>Vt</span> <span class='ocrx_word' id='word_1_67' title='bbox 346 1011 598 1051; x_wconf 86' lang='lat' dir='ltr'>beneficium</span> <span class='ocrx_word' id='word_1_68' title='bbox 619 1009 725 1050; x_wconf 82' lang='lat' dir='ltr'>be&#39;ne</span> <span class='ocrx_word' id='word_1_69' title='bbox 746 1010 926 1050; x_wconf 87' lang='lat' dir='ltr'>merenti</span> <span class='ocrx_word' id='word_1_70' title='bbox 946 1008 1087 1050; x_wconf 78' lang='lat' dir='ltr'>nostro</span> <span class='ocrx_word' id='word_1_71' title='bbox 1108 1011 1256 1051; x_wconf 89' lang='lat' dir='ltr'>merito</span> <span class='ocrx_word' id='word_1_72' title='bbox 1277 1009 1484 1058; x_wconf 75' lang='lat' dir='ltr'>muneres,</span> 
     </span>
     <span class='ocr_line' id='line_1_13' title="bbox 264 1076 1616 1130; baseline -0.001 -12"><span class='ocrx_word' id='word_1_73' title='bbox 264 1078 384 1118; x_wconf 87' lang='lat' dir='ltr'>Sicut</span> <span class='ocrx_word' id='word_1_74' title='bbox 405 1082 452 1118; x_wconf 91' lang='lat' dir='ltr'>tu</span> <span class='ocrx_word' id='word_1_75' title='bbox 472 1077 572 1118; x_wconf 91' lang='lat' dir='ltr'>huic</span> <span class='ocrx_word' id='word_1_76' title='bbox 587 1076 718 1130; x_wconf 77' lang='lat' dir='ltr'>potes,</span> <span class='ocrx_word' id='word_1_77' title='bbox 739 1083 858 1130; x_wconf 89' lang='lat' dir='ltr'>pater</span> <span class='ocrx_word' id='word_1_78' title='bbox 878 1077 949 1125; x_wconf 88' lang='lat' dir='ltr'>mi,</span> <span class='ocrx_word' id='word_1_79' title='bbox 970 1076 1104 1118; x_wconf 72' lang='lat' dir='ltr'>facere</span> <span class='ocrx_word' id='word_1_80' title='bbox 1125 1077 1275 1118; x_wconf 90' lang='lat' dir='ltr'>merito</span> <span class='ocrx_word' id='word_1_81' title='bbox 1297 1077 1504 1117; x_wconf 69' lang='lat' dir='ltr'>maxume.</span> <span class='ocrx_word' id='word_1_82' title='bbox 1565 1077 1616 1116; x_wconf 85' lang='lat'>15</span> 
     </span>
    </p>

    <p class='ocr_par' dir='ltr' id='par_1_7' title="bbox 151 1143 1619 1198">
     <span class='ocr_line' id='line_1_14' title="bbox 151 1143 1619 1198; baseline -0.001 -13"><span class='ocrx_word' id='word_1_83' title='bbox 151 1144 234 1185; x_wconf 85' lang='lat' dir='ltr'>HE.</span> <span class='ocrx_word' id='word_1_84' title='bbox 267 1145 380 1194; x_wconf 83' lang='lat' dir='ltr'>Quid</span> <span class='ocrx_word' id='word_1_85' title='bbox 410 1149 536 1198; x_wconf 88' lang='lat' dir='ltr'>opust</span> <span class='ocrx_word' id='word_1_86' title='bbox 556 1144 728 1185; x_wconf 72' lang='lat' dir='ltr'>uerbis?</span> <span class='ocrx_word' id='word_1_87' title='bbox 768 1144 914 1198; x_wconf 85' lang='lat' dir='ltr'>lingua</span> <span class='ocrx_word' id='word_1_88' title='bbox 934 1144 1094 1185; x_wconf 88' lang='lat' dir='ltr'>nullast</span> <span class='ocrx_word' id='word_1_89' title='bbox 1125 1144 1208 1197; x_wconf 74' lang='lat' dir='ltr'>qua</span> <span class='ocrx_word' id='word_1_90' title='bbox 1233 1157 1381 1197; x_wconf 83' lang='lat' dir='ltr'>negem</span> <span class='ocrx_word' id='word_1_91' title='bbox 1412 1143 1619 1197; x_wconf 82' lang='lat' dir='ltr'>quidquid</span> 
     </span>
    </p>

    <p class='ocr_par' dir='ltr' id='par_1_8' title="bbox 1010 1225 1137 1265">
     <span class='ocr_line' id='line_1_15' title="bbox 1010 1225 1137 1265; baseline 0.008 -14"><span class='ocrx_word' id='word_1_92' title='bbox 1010 1225 1137 1265; x_wconf 87' lang='lat' dir='ltr'>roges.</span> 
     </span>
    </p>

    <p class='ocr_par' dir='ltr' id='par_1_9' title="bbox 151 1278 1620 1332">
     <span class='ocr_line' id='line_1_16' title="bbox 151 1278 1620 1332; baseline 0 -13"><span class='ocrx_word' id='word_1_93' title='bbox 151 1280 355 1321; x_wconf 82' lang='lat' dir='ltr'>PHILOCR.</span> <span class='ocrx_word' id='word_1_94' title='bbox 388 1278 562 1321; x_wconf 74' lang='lat' dir='ltr'>Postulo</span> <span class='ocrx_word' id='word_1_95' title='bbox 584 1280 658 1320; x_wconf 88' lang='lat' dir='ltr'>abs</span> <span class='ocrx_word' id='word_1_96' title='bbox 678 1283 721 1320; x_wconf 91' lang='lat' dir='ltr'>te</span> <span class='ocrx_word' id='word_1_97' title='bbox 742 1284 791 1320; x_wconf 88' lang='lat' dir='ltr'>ut</span> <span class='ocrx_word' id='word_1_98' title='bbox 812 1279 871 1319; x_wconf 90' lang='lat' dir='ltr'>mi</span> <span class='ocrx_word' id='word_1_99' title='bbox 891 1278 1014 1319; x_wconf 87' lang='lat' dir='ltr'>illum</span> <span class='ocrx_word' id='word_1_100' title='bbox 1035 1279 1184 1320; x_wconf 81' lang='lat' dir='ltr'>reddas</span> <span class='ocrx_word' id='word_1_101' title='bbox 1206 1279 1381 1328; x_wconf 61' lang='grc' dir='ltr'>δίη-110111,</span> <span class='ocrx_word' id='word_1_102' title='bbox 1403 1292 1530 1332; x_wconf 90' lang='lat' dir='ltr'>quem</span> <span class='ocrx_word' id='word_1_103' title='bbox 1551 1278 1620 1319; x_wconf 91' lang='lat' dir='ltr'>hic</span> 
     </span>
    </p>

    <p class='ocr_par' dir='ltr' id='par_1_10' title="bbox 51 1347 1558 1534">
     <span class='ocr_line' id='line_1_17' title="bbox 1009 1347 1260 1400; baseline 0.004 -14"><span class='ocrx_word' id='word_1_104' title='bbox 1009 1347 1260 1400; x_wconf 86' lang='lat' dir='ltr'>reliqueram</span> 
     </span>
     <span class='ocr_line' id='line_1_18' title="bbox 267 1412 1558 1468; baseline -0.001 -14"><span class='ocrx_word' id='word_1_105' title='bbox 267 1414 425 1468; x_wconf 87' lang='lat' dir='ltr'>Pignus</span> <span class='ocrx_word' id='word_1_106' title='bbox 445 1427 520 1467; x_wconf 91' lang='lat' dir='ltr'>pro</span> <span class='ocrx_word' id='word_1_107' title='bbox 540 1427 619 1463; x_wconf 91' lang='lat' dir='ltr'>me,</span> <span class='ocrx_word' id='word_1_108' title='bbox 640 1414 714 1467; x_wconf 88' lang='lat' dir='ltr'>qui</span> <span class='ocrx_word' id='word_1_109' title='bbox 735 1413 842 1454; x_wconf 90' lang='lat' dir='ltr'>mihi</span> <span class='ocrx_word' id='word_1_110' title='bbox 862 1413 1010 1454; x_wconf 92' lang='lat' dir='ltr'>melior</span> <span class='ocrx_word' id='word_1_111' title='bbox 1030 1414 1157 1467; x_wconf 73' lang='lat' dir='ltr'>quam</span> <span class='ocrx_word' id='word_1_112' title='bbox 1179 1414 1259 1454; x_wconf 90' lang='lat' dir='ltr'>sibi</span> <span class='ocrx_word' id='word_1_113' title='bbox 1281 1412 1445 1467; x_wconf 75' lang='lat' dir='ltr'>semper</span> <span class='ocrx_word' id='word_1_114' title='bbox 1464 1413 1558 1463; x_wconf 89' lang='lat' dir='ltr'>fuit,</span> 
     </span>
     <span class='ocr_line' id='line_1_19' title="bbox 51 1481 1424 1534; baseline -0.001 -11"><span class='ocrx_word' id='word_1_115' title='bbox 51 1483 134 1524; x_wconf 87' lang='lat'>940</span> <span class='ocrx_word' id='word_1_116' title='bbox 268 1481 349 1522; x_wconf 78' lang='lat' dir='ltr'>Pro</span> <span class='ocrx_word' id='word_1_117' title='bbox 369 1482 600 1523; x_wconf 85' lang='lat' dir='ltr'>benefactis</span> <span class='ocrx_word' id='word_1_118' title='bbox 623 1481 712 1523; x_wconf 89' lang='lat' dir='ltr'>e&#39;ius</span> <span class='ocrx_word' id='word_1_119' title='bbox 733 1486 782 1522; x_wconf 90' lang='lat' dir='ltr'>ut</span> <span class='ocrx_word' id='word_1_120' title='bbox 803 1483 838 1522; x_wconf 66' lang='lat' dir='ltr'>ez·</span> <span class='ocrx_word' id='word_1_121' title='bbox 858 1481 1043 1534; x_wconf 73' lang='lat' dir='ltr'>pretium</span> <span class='ocrx_word' id='word_1_122' title='bbox 1063 1482 1222 1534; x_wconf 87' lang='lat' dir='ltr'>possim</span> <span class='ocrx_word' id='word_1_123' title='bbox 1243 1481 1424 1522; x_wconf 76' lang='lat' dir='ltr'>reddere.</span> 
     </span>
    </p>

    <p class='ocr_par' dir='ltr' id='par_1_11' title="bbox 154 1547 1621 1738">
     <span class='ocr_line' id='line_1_20' title="bbox 154 1547 1621 1602; baseline -0.001 -12"><span class='ocrx_word' id='word_1_124' title='bbox 154 1550 235 1591; x_wconf 80' lang='grc' dir='ltr'>ΗΕ.</span> <span class='ocrx_word' id='word_1_125' title='bbox 269 1548 391 1599; x_wconf 77' lang='lat' dir='ltr'>Quod</span> <span class='ocrx_word' id='word_1_126' title='bbox 411 1550 519 1590; x_wconf 88' lang='lat' dir='ltr'>bene</span> <span class='ocrx_word' id='word_1_127' title='bbox 539 1549 688 1597; x_wconf 83' lang='lat' dir='ltr'>fecisti,</span> <span class='ocrx_word' id='word_1_128' title='bbox 709 1549 913 1590; x_wconf 89' lang='lat' dir='ltr'>referetur</span> <span class='ocrx_word' id='word_1_129' title='bbox 931 1548 1067 1602; x_wconf 69' lang='lat' dir='ltr'>gratia</span> <span class='ocrx_word' id='word_1_130' title='bbox 1086 1549 1130 1589; x_wconf 90' lang='lat' dir='ltr'>id</span> <span class='ocrx_word' id='word_1_131' title='bbox 1151 1548 1264 1602; x_wconf 86' lang='lat' dir='ltr'>quod</span> <span class='ocrx_word' id='word_1_132' title='bbox 1284 1547 1482 1602; x_wconf 75' lang='lat' dir='ltr'>postulas.</span> <span class='ocrx_word' id='word_1_133' title='bbox 1568 1549 1621 1589; x_wconf 89' lang='lat'>20</span> 
     </span>
     <span class='ocr_line' id='line_1_21' title="bbox 267 1609 1518 1670; baseline 0 -13"><span class='ocrx_word' id='word_1_134' title='bbox 267 1609 321 1657; x_wconf 75' lang='lat' dir='ltr'>Et</span> <span class='ocrx_word' id='word_1_135' title='bbox 341 1617 386 1657; x_wconf 90' lang='lat' dir='ltr'>id</span> <span class='ocrx_word' id='word_1_136' title='bbox 406 1622 450 1658; x_wconf 94' lang='lat' dir='ltr'>et</span> <span class='ocrx_word' id='word_1_137' title='bbox 470 1617 597 1665; x_wconf 92' lang='lat' dir='ltr'>aliud,</span> <span class='ocrx_word' id='word_1_138' title='bbox 619 1615 732 1670; x_wconf 74' lang='lat' dir='ltr'>quod</span> <span class='ocrx_word' id='word_1_139' title='bbox 753 1630 821 1657; x_wconf 92' lang='grc'>1116</span> <span class='ocrx_word' id='word_1_140' title='bbox 841 1617 990 1665; x_wconf 90' lang='lat' dir='ltr'>orabis,</span> <span class='ocrx_word' id='word_1_141' title='bbox 1011 1616 1267 1669; x_wconf 84' lang='lat' dir='ltr'>impetrabis.</span> <span class='ocrx_word' id='word_1_142' title='bbox 1327 1616 1454 1669; x_wconf 79' lang='lat' dir='ltr'>a&#39;tque</span> <span class='ocrx_word' id='word_1_143' title='bbox 1475 1621 1518 1657; x_wconf 87' lang='lat' dir='ltr'>te</span> 
     </span>
     <span class='ocr_line' id='line_1_22' title="bbox 268 1683 1378 1738; baseline -0.002 -13"><span class='ocrx_word' id='word_1_144' title='bbox 268 1683 415 1725; x_wconf 75' lang='lat' dir='ltr'>Nolim</span> <span class='ocrx_word' id='word_1_145' title='bbox 436 1683 688 1733; x_wconf 72' lang='lat' dir='ltr'>suscensere,</span> <span class='ocrx_word' id='word_1_146' title='bbox 709 1684 823 1738; x_wconf 88' lang='lat' dir='ltr'>quod</span> <span class='ocrx_word' id='word_1_147' title='bbox 843 1697 918 1738; x_wconf 91' lang='lat' dir='ltr'>ego</span> <span class='ocrx_word' id='word_1_148' title='bbox 939 1683 1072 1724; x_wconf 73' lang='lat' dir='ltr'>iratus</span> <span class='ocrx_word' id='word_1_149' title='bbox 1094 1688 1136 1724; x_wconf 91' lang='lat' dir='ltr'>et</span> <span class='ocrx_word' id='word_1_150' title='bbox 1157 1683 1237 1724; x_wconf 86' lang='lat' dir='ltr'>feci</span> <span class='ocrx_word' id='word_1_151' title='bbox 1258 1683 1378 1724; x_wconf 87' lang='lat' dir='ltr'>male.</span> 
     </span>
    </p>

    <p class='ocr_par' dir='ltr' id='par_1_12' title="bbox 154 1752 694 1801">
     <span class='ocr_line' id='line_1_23' title="bbox 154 1752 694 1801; baseline -0.002 -9"><span class='ocrx_word' id='word_1_152' title='bbox 154 1752 359 1793; x_wconf 85' lang='lat' dir='ltr'>PHILOCR.</span> <span class='ocrx_word' id='word_1_153' title='bbox 393 1752 506 1801; x_wconf 86' lang='lat' dir='ltr'>Quid</span> <span class='ocrx_word' id='word_1_154' title='bbox 527 1752 694 1793; x_wconf 69' lang='lat' dir='ltr'>fecisti?</span> 
     </span>
    </p>

    <p class='ocr_par' dir='ltr' id='par_1_13' title="bbox 58 1816 1626 2616">
     <span class='ocr_line' id='line_1_24' title="bbox 611 1816 1543 1872; baseline -0.001 -13"><span class='ocrx_word' id='word_1_155' title='bbox 611 1819 692 1859; x_wconf 81' lang='lat' dir='ltr'>HE.</span> <span class='ocrx_word' id='word_1_156' title='bbox 726 1819 778 1858; x_wconf 91' lang='lat' dir='ltr'>In</span> <span class='ocrx_word' id='word_1_157' title='bbox 799 1817 1050 1872; x_wconf 75' lang='lat' dir='ltr'>lapicidinas</span> <span class='ocrx_word' id='word_1_158' title='bbox 1071 1816 1343 1871; x_wconf 77' lang='lat' dir='ltr'>conpeditum</span> <span class='ocrx_word' id='word_1_159' title='bbox 1365 1816 1543 1858; x_wconf 76' lang='lat' dir='ltr'>condidi.</span> 
     </span>
     <span class='ocr_line' id='line_1_25' title="bbox 270 1872 1040 1928; baseline -0.003 0"><span class='ocrx_word' id='word_1_160' title='bbox 270 1872 356 1928; x_wconf 64' lang='lat' dir='ltr'>&lt;sbi</span> <span class='ocrx_word' id='word_1_161' title='bbox 375 1887 528 1928; x_wconf 81' lang='lat' dir='ltr'>resciui</span> <span class='ocrx_word' id='word_1_162' title='bbox 548 1886 653 1927; x_wconf 86' lang='lat' dir='ltr'>mihi</span> <span class='ocrx_word' id='word_1_163' title='bbox 675 1886 772 1927; x_wconf 88' lang='lat' dir='ltr'>data</span> <span class='ocrx_word' id='word_1_164' title='bbox 793 1899 883 1927; x_wconf 83' lang='lat' dir='ltr'>esse</span> <span class='ocrx_word' id='word_1_165' title='bbox 904 1885 1040 1927; x_wconf 78' lang='lat' dir='ltr'>uerba.</span> 
     </span>
     <span class='ocr_line' id='line_1_26' title="bbox 858 1951 1506 1994; baseline 0 -1"><span class='ocrx_word' id='word_1_166' title='bbox 858 1954 1062 1994; x_wconf 85' lang='lat' dir='ltr'>PHILOCR.</span> <span class='ocrx_word' id='word_1_167' title='bbox 1094 1954 1185 1994; x_wconf 89' lang='lat' dir='ltr'>Vae</span> <span class='ocrx_word' id='word_1_168' title='bbox 1205 1951 1357 1994; x_wconf 75' lang='lat' dir='ltr'>misero</span> <span class='ocrx_word' id='word_1_169' title='bbox 1377 1953 1506 1993; x_wconf 87' lang='lat' dir='ltr'>mihi:</span> 
     </span>
     <span class='ocr_line' id='line_1_27' title="bbox 270 2018 1620 2076; baseline -0.002 -13"><span class='ocrx_word' id='word_1_170' title='bbox 270 2021 446 2076; x_wconf 74' lang='lat' dir='ltr'>Propter</span> <span class='ocrx_word' id='word_1_171' title='bbox 466 2035 608 2062; x_wconf 91' lang='lat' dir='ltr'>meum</span> <span class='ocrx_word' id='word_1_172' title='bbox 629 2020 756 2075; x_wconf 73' lang='lat' dir='ltr'>caput</span> <span class='ocrx_word' id='word_1_173' title='bbox 775 2021 938 2062; x_wconf 87' lang='lat' dir='ltr'>labores</span> <span class='ocrx_word' id='word_1_174' title='bbox 959 2019 1122 2061; x_wconf 77' lang='lat' dir='ltr'>homini</span> <span class='ocrx_word' id='word_1_175' title='bbox 1143 2020 1334 2061; x_wconf 89' lang='lat' dir='ltr'>euenisse</span> <span class='ocrx_word' id='word_1_176' title='bbox 1356 2018 1540 2073; x_wconf 78' lang='lat' dir='ltr'>optumo.</span> <span class='ocrx_word' id='word_1_177' title='bbox 1568 2021 1620 2060; x_wconf 87' lang='lat'>25</span> 
     </span>
     <span class='ocr_line' id='line_1_28' title="bbox 156 2075 1522 2142; baseline -0.003 -11"><span class='ocrx_word' id='word_1_178' title='bbox 156 2090 238 2131; x_wconf 83' lang='grc' dir='ltr'>ΗΕ.</span> <span class='ocrx_word' id='word_1_179' title='bbox 268 2075 330 2130; x_wconf 73' lang='lat' dir='ltr'>At</span> <span class='ocrx_word' id='word_1_180' title='bbox 349 2090 402 2130; x_wconf 90' lang='lat' dir='ltr'>ob</span> <span class='ocrx_word' id='word_1_181' title='bbox 424 2103 516 2130; x_wconf 89' lang='lat' dir='ltr'>eam</span> <span class='ocrx_word' id='word_1_182' title='bbox 536 2103 626 2130; x_wconf 91' lang='lat' dir='ltr'>rem</span> <span class='ocrx_word' id='word_1_183' title='bbox 646 2089 752 2129; x_wconf 86' lang='lat' dir='ltr'>mihi</span> <span class='ocrx_word' id='word_1_184' title='bbox 772 2088 961 2129; x_wconf 89' lang='lat' dir='ltr'>libellam</span> <span class='ocrx_word' id='word_1_185' title='bbox 982 2086 1057 2141; x_wconf 76' lang='lat' dir='ltr'>pro</span> <span class='ocrx_word' id='word_1_186' title='bbox 1079 2101 1126 2129; x_wconf 91' lang='lat' dir='ltr'>eo</span> <span class='ocrx_word' id='word_1_187' title='bbox 1147 2088 1310 2142; x_wconf 85' lang='lat' dir='ltr'>argenti</span> <span class='ocrx_word' id='word_1_188' title='bbox 1330 2087 1383 2128; x_wconf 71' lang='lat' dir='ltr'>ne</span> <span class='ocrx_word' id='word_1_189' title='bbox 1405 2087 1522 2128; x_wconf 90' lang='lat' dir='ltr'>duis:</span> 
     </span>
     <span class='ocr_line' id='line_1_29' title="bbox 271 2155 1035 2205; baseline -0.003 -7"><span class='ocrx_word' id='word_1_190' title='bbox 271 2157 433 2199; x_wconf 78' lang='lat' dir='ltr'>Gratiis</span> <span class='ocrx_word' id='word_1_191' title='bbox 454 2171 478 2198; x_wconf 87' lang='lat' dir='ltr'>a</span> <span class='ocrx_word' id='word_1_192' title='bbox 498 2171 577 2205; x_wconf 88' lang='lat' dir='ltr'>me,</span> <span class='ocrx_word' id='word_1_193' title='bbox 597 2156 647 2198; x_wconf 79' lang='lat' dir='ltr'>ut</span> <span class='ocrx_word' id='word_1_194' title='bbox 667 2157 724 2197; x_wconf 91' lang='lat' dir='ltr'>sit</span> <span class='ocrx_word' id='word_1_195' title='bbox 743 2156 860 2205; x_wconf 90' lang='lat' dir='ltr'>liber,</span> <span class='ocrx_word' id='word_1_196' title='bbox 881 2155 1035 2196; x_wconf 81' lang='lat' dir='ltr'>ducito.</span> 
     </span>
     <span class='ocr_line' id='line_1_30' title="bbox 843 2221 1425 2276; baseline -0.002 -13"><span class='ocrx_word' id='word_1_197' title='bbox 843 2223 1048 2263; x_wconf 79' lang='lat' dir='ltr'>PHILOCR.</span> <span class='ocrx_word' id='word_1_198' title='bbox 1081 2222 1253 2276; x_wconf 91' lang='lat' dir='ltr'>Edepol,</span> <span class='ocrx_word' id='word_1_199' title='bbox 1276 2221 1425 2276; x_wconf 84' lang='lat' dir='ltr'>He‘gio,</span> 
     </span>
     <span class='ocr_line' id='line_1_31' title="bbox 271 2288 1552 2346; baseline -0.003 -13"><span class='ocrx_word' id='word_1_200' title='bbox 271 2291 393 2333; x_wconf 79' lang='lat' dir='ltr'>Facis</span> <span class='ocrx_word' id='word_1_201' title='bbox 413 2291 617 2346; x_wconf 85' lang='lat' dir='ltr'>benigne:</span> <span class='ocrx_word' id='word_1_202' title='bbox 648 2290 721 2332; x_wconf 74' lang='lat' dir='ltr'>sed</span> <span class='ocrx_word' id='word_1_203' title='bbox 741 2303 896 2344; x_wconf 85' lang='lat' dir='ltr'>quaeso</span> <span class='ocrx_word' id='word_1_204' title='bbox 916 2290 1134 2330; x_wconf 83' lang='lat' dir='ltr'>hominem</span> <span class='ocrx_word' id='word_1_205' title='bbox 1154 2294 1204 2329; x_wconf 88' lang='lat' dir='ltr'>ut</span> <span class='ocrx_word' id='word_1_206' title='bbox 1223 2288 1368 2330; x_wconf 75' lang='lat' dir='ltr'>iubeas</span> <span class='ocrx_word' id='word_1_207' title='bbox 1390 2288 1552 2329; x_wconf 87' lang='lat' dir='ltr'>arcessi.</span> 
     </span>
     <span class='ocr_line' id='line_1_32' title="bbox 1382 2356 1623 2396; baseline 0.004 -1"><span class='ocrx_word' id='word_1_208' title='bbox 1382 2356 1464 2396; x_wconf 81' lang='grc' dir='ltr'>ΗΕ.</span> <span class='ocrx_word' id='word_1_209' title='bbox 1496 2356 1623 2396; x_wconf 87' lang='lat' dir='ltr'>Licet.</span> 
     </span>
     <span class='ocr_line' id='line_1_33' title="bbox 58 2422 1566 2479; baseline -0.004 -11"><span class='ocrx_word' id='word_1_210' title='bbox 58 2423 139 2464; x_wconf 90' lang='lat'>950</span> <span class='ocrx_word' id='word_1_211' title='bbox 271 2427 402 2475; x_wconf 68' lang='lat' dir='ltr'>Het&#39;os,</span> <span class='ocrx_word' id='word_1_212' title='bbox 423 2426 497 2467; x_wconf 93' lang='lat' dir='ltr'>ubi</span> <span class='ocrx_word' id='word_1_213' title='bbox 518 2426 650 2467; x_wconf 76' lang='lat' dir='ltr'>estis?</span> <span class='ocrx_word' id='word_1_214' title='bbox 680 2425 739 2466; x_wconf 83' lang='lat' dir='ltr'>ite</span> <span class='ocrx_word' id='word_1_215' title='bbox 760 2430 964 2474; x_wconf 88' lang='lat' dir='ltr'>actutum,</span> <span class='ocrx_word' id='word_1_216' title='bbox 986 2423 1233 2479; x_wconf 56' lang='lat' dir='ltr'>TJndarum</span> <span class='ocrx_word' id='word_1_217' title='bbox 1254 2423 1337 2463; x_wconf 89' lang='lat' dir='ltr'>huc</span> <span class='ocrx_word' id='word_1_218' title='bbox 1358 2422 1566 2463; x_wconf 73' lang='lat' dir='ltr'>arcessite.</span> 
     </span>
     <span class='ocr_line' id='line_1_34' title="bbox 205 2512 1625 2563; baseline -0.004 -11"><span class='ocrx_word' id='word_1_219' title='bbox 205 2520 227 2552; x_wconf 89' lang='lat'>8</span> <span class='ocrx_word' id='word_1_220' title='bbox 252 2528 445 2563; x_wconf 85' lang='lat' dir='ltr'>erumpnas</span> <span class='ocrx_word' id='word_1_221' title='bbox 468 2516 506 2552; x_wconf 89' lang='lat' dir='ltr'>J.</span> <span class='ocrx_word' id='word_1_222' title='bbox 565 2516 663 2562; x_wconf 86' lang='lat' dir='ltr'>apud</span> <span class='ocrx_word' id='word_1_223' title='bbox 680 2521 826 2562; x_wconf 88' lang='lat' dir='ltr'>portum</span> <span class='ocrx_word' id='word_1_224' title='bbox 842 2526 932 2561; x_wconf 82' lang='lat' dir='ltr'>quas</span> <span class='ocrx_word' id='word_1_225' title='bbox 956 2515 992 2549; x_wconf 89' lang='lat' dir='ltr'>J.</span> <span class='ocrx_word' id='word_1_226' title='bbox 1069 2516 1111 2548; x_wconf 97' lang='grc'>12</span> <span class='ocrx_word' id='word_1_227' title='bbox 1136 2514 1354 2559; x_wconf 79' lang='lat' dir='ltr'>promeritus</span> <span class='ocrx_word' id='word_1_228' title='bbox 1379 2513 1449 2548; x_wconf 76' lang='lat' dir='ltr'>BJ,</span> <span class='ocrx_word' id='word_1_229' title='bbox 1520 2512 1625 2557; x_wconf 78' lang='lat' dir='ltr'>(Pm-</span> 
     </span>
     <span class='ocr_line' id='line_1_35' title="bbox 159 2567 1626 2616; baseline -0.005 -10"><span class='ocrx_word' id='word_1_230' title='bbox 159 2581 264 2606; x_wconf 77' lang='lat' dir='ltr'>LOCR.</span> <span class='ocrx_word' id='word_1_231' title='bbox 291 2572 335 2615; x_wconf 91' lang='lat' dir='ltr'>J)</span> <span class='ocrx_word' id='word_1_232' title='bbox 364 2571 482 2605; x_wconf 91' lang='lat' dir='ltr'>Immo</span> <span class='ocrx_word' id='word_1_233' title='bbox 499 2575 600 2616; x_wconf 80' lang='lat' dir='ltr'>potes</span> <span class='ocrx_word' id='word_1_234' title='bbox 620 2572 709 2614; x_wconf 83' lang='lat' dir='ltr'>(corr</span> <span class='ocrx_word' id='word_1_235' title='bbox 718 2570 769 2615; x_wconf 81' lang='lat' dir='ltr'>fr.</span> <span class='ocrx_word' id='word_1_236' title='bbox 787 2570 903 2616; x_wconf 87' lang='lat' dir='ltr'>potesi</span> <span class='ocrx_word' id='word_1_237' title='bbox 919 2570 968 2614; x_wconf 90' lang='lat' dir='ltr'>J)</span> <span class='ocrx_word' id='word_1_238' title='bbox 990 2570 1062 2613; x_wconf 85' lang='lat'>(13)</span> <span class='ocrx_word' id='word_1_239' title='bbox 1084 2569 1190 2602; x_wconf 85' lang='lat' dir='ltr'>Pater</span> <span class='ocrx_word' id='word_1_240' title='bbox 1207 2573 1242 2602; x_wconf 90' lang='lat' dir='ltr'>et</span> <span class='ocrx_word' id='word_1_241' title='bbox 1259 2568 1392 2613; x_wconf 85' lang='lat' dir='ltr'>poteris</span> <span class='ocrx_word' id='word_1_242' title='bbox 1410 2567 1480 2609; x_wconf 88' lang='lat' dir='ltr'>BJ,</span> <span class='ocrx_word' id='word_1_243' title='bbox 1507 2567 1626 2600; x_wconf 86' lang='lat' dir='ltr'>Immo</span> 
     </span>
    </p>
   </div>
   <div class='ocr_carea' id='block_1_5' title="bbox 159 2622 1626 2671">
    <p class='ocr_par' dir='ltr' id='par_1_14' title="bbox 159 2622 1626 2671">
     <span class='ocr_line' id='line_1_36' title="bbox 159 2622 1626 2671; baseline -0.004 -11"><span class='ocrx_word' id='word_1_244' title='bbox 159 2626 210 2660; x_wconf 81' lang='lat' dir='ltr'>mi</span> <span class='ocrx_word' id='word_1_245' title='bbox 234 2630 336 2671; x_wconf 88' lang='lat' dir='ltr'>pater</span> <span class='ocrx_word' id='word_1_246' title='bbox 357 2625 362 2668; x_wconf 94' lang='grc' dir='ltr'>Ι</span> <span class='ocrx_word' id='word_1_247' title='bbox 384 2625 432 2659; x_wconf 92' lang='lat' dir='ltr'>Et</span> <span class='ocrx_word' id='word_1_248' title='bbox 450 2629 488 2659; x_wconf 74' lang='lat' dir='ltr'>tu</span> <span class='ocrx_word' id='word_1_249' title='bbox 504 2625 637 2670; x_wconf 82' lang='lat' dir='ltr'>poteris</span> <span class='ocrx_word' id='word_1_250' title='bbox 654 2625 714 2659; x_wconf 90' lang='lat' dir='ltr'>Br.</span> <span class='ocrx_word' id='word_1_251' title='bbox 829 2626 872 2658; x_wconf 90' lang='lat'>14</span> <span class='ocrx_word' id='word_1_252' title='bbox 889 2623 979 2658; x_wconf 86' lang='lat' dir='ltr'>bene</span> <span class='ocrx_word' id='word_1_253' title='bbox 997 2623 1119 2657; x_wconf 86' lang='lat' dir='ltr'>meriti</span> <span class='ocrx_word' id='word_1_254' title='bbox 1137 2623 1174 2657; x_wconf 92' lang='lat' dir='ltr'>J.</span> <span class='ocrx_word' id='word_1_255' title='bbox 1288 2622 1449 2655; x_wconf 77' lang='lat' dir='ltr'>muneris</span> <span class='ocrx_word' id='word_1_256' title='bbox 1476 2623 1573 2663; x_wconf 83' lang='lat' dir='ltr'>(corr.</span> <span class='ocrx_word' id='word_1_257' title='bbox 1595 2624 1626 2654; x_wconf 76' lang='lat' dir='ltr'>to</span> 
     </span>
    </p>
   </div>
   <div class='ocr_carea' id='block_1_6' title="bbox 160 2676 1627 2994">
    <p class='ocr_par' dir='ltr' id='par_1_15' title="bbox 160 2676 1627 2994">
     <span class='ocr_line' id='line_1_37' title="bbox 160 2676 1626 2724; baseline -0.005 -10"><span class='ocrx_word' id='word_1_258' title='bbox 160 2691 214 2714; x_wconf 83' lang='lat' dir='ltr'>-os</span> <span class='ocrx_word' id='word_1_259' title='bbox 231 2680 272 2724; x_wconf 82' lang='lat' dir='ltr'>by</span> <span class='ocrx_word' id='word_1_260' title='bbox 280 2679 361 2723; x_wconf 80' lang='lat' dir='ltr'>first</span> <span class='ocrx_word' id='word_1_261' title='bbox 378 2678 484 2722; x_wconf 79' lang='lat' dir='ltr'>hand,</span> <span class='ocrx_word' id='word_1_262' title='bbox 503 2679 580 2713; x_wconf 77' lang='lat' dir='ltr'>then</span> <span class='ocrx_word' id='word_1_263' title='bbox 598 2683 630 2713; x_wconf 74' lang='lat' dir='ltr'>to</span> <span class='ocrx_word' id='word_1_264' title='bbox 647 2690 699 2713; x_wconf 84' lang='lat' dir='ltr'>-es</span> <span class='ocrx_word' id='word_1_265' title='bbox 716 2678 757 2723; x_wconf 79' lang='lat' dir='ltr'>by</span> <span class='ocrx_word' id='word_1_266' title='bbox 773 2690 832 2713; x_wconf 79' lang='lat' dir='ltr'>sec.</span> <span class='ocrx_word' id='word_1_267' title='bbox 851 2679 964 2722; x_wconf 78' lang='lat' dir='ltr'>hand)</span> <span class='ocrx_word' id='word_1_268' title='bbox 983 2677 1019 2711; x_wconf 92' lang='lat' dir='ltr'>J.</span> <span class='ocrx_word' id='word_1_269' title='bbox 1142 2679 1184 2710; x_wconf 88' lang='grc'>16</span> <span class='ocrx_word' id='word_1_270' title='bbox 1209 2688 1299 2721; x_wconf 87' lang='lat' dir='ltr'>opus</span> <span class='ocrx_word' id='word_1_271' title='bbox 1315 2676 1353 2711; x_wconf 88' lang='lat' dir='ltr'>J.</span> <span class='ocrx_word' id='word_1_272' title='bbox 1475 2676 1516 2709; x_wconf 90' lang='lat'>17</span> <span class='ocrx_word' id='word_1_273' title='bbox 1542 2679 1577 2708; x_wconf 87' lang='lat' dir='ltr'>te</span> <span class='ocrx_word' id='word_1_274' title='bbox 1592 2700 1600 2707; x_wconf 91' lang='lat'>.</span> <span class='ocrx_word' id='word_1_275' title='bbox 1617 2699 1626 2708; x_wconf 88' lang='lat'>.</span> 
     </span>
     <span class='ocr_line' id='line_1_38' title="bbox 160 2729 1626 2776; baseline -0.004 -8"><span class='ocrx_word' id='word_1_276' title='bbox 160 2738 203 2768; x_wconf 86' lang='lat' dir='ltr'>ut</span> <span class='ocrx_word' id='word_1_277' title='bbox 219 2733 330 2768; x_wconf 89' lang='lat' dir='ltr'>michi</span> <span class='ocrx_word' id='word_1_278' title='bbox 348 2733 390 2768; x_wconf 81' lang='lat' dir='ltr'>J.</span> <span class='ocrx_word' id='word_1_279' title='bbox 477 2735 519 2767; x_wconf 88' lang='grc'>19</span> <span class='ocrx_word' id='word_1_280' title='bbox 544 2733 599 2766; x_wconf 86' lang='grc'>1111</span> <span class='ocrx_word' id='word_1_281' title='bbox 616 2733 685 2776; x_wconf 90' lang='lat' dir='ltr'>BJ,</span> <span class='ocrx_word' id='word_1_282' title='bbox 702 2738 744 2766; x_wconf 88' lang='lat' dir='ltr'>ut</span> <span class='ocrx_word' id='word_1_283' title='bbox 761 2734 792 2766; x_wconf 79' lang='lat' dir='ltr'>ei</span> <span class='ocrx_word' id='word_1_284' title='bbox 808 2733 842 2767; x_wconf 85' lang='lat' dir='ltr'><em>F</em></span> <span class='ocrx_word' id='word_1_285' title='bbox 843 2733 864 2766; x_wconf 83' lang='lat' dir='ltr'>l.</span> <span class='ocrx_word' id='word_1_286' title='bbox 961 2731 1122 2776; x_wconf 84' lang='lat' dir='ltr'>precium</span> <span class='ocrx_word' id='word_1_287' title='bbox 1140 2731 1183 2764; x_wconf 90' lang='lat' dir='ltr'>B.</span> <span class='ocrx_word' id='word_1_288' title='bbox 1281 2733 1324 2763; x_wconf 82' lang='lat'>20</span> <span class='ocrx_word' id='word_1_289' title='bbox 1342 2730 1372 2762; x_wconf 75' lang='lat' dir='ltr'>is</span> <span class='ocrx_word' id='word_1_290' title='bbox 1385 2729 1505 2773; x_wconf 81' lang='lat' dir='ltr'>placed</span> <span class='ocrx_word' id='word_1_291' title='bbox 1523 2729 1626 2772; x_wconf 80' lang='lat' dir='ltr'>before</span> 
     </span>
     <span class='ocr_line' id='line_1_39' title="bbox 163 2783 1625 2832; baseline -0.003 -11"><span class='ocrx_word' id='word_1_292' title='bbox 163 2789 206 2822; x_wconf 85' lang='lat'>18</span> <span class='ocrx_word' id='word_1_293' title='bbox 224 2789 264 2822; x_wconf 81' lang='lat' dir='ltr'>in</span> <span class='ocrx_word' id='word_1_294' title='bbox 281 2788 322 2821; x_wconf 89' lang='lat' dir='ltr'>B.</span> <span class='ocrx_word' id='word_1_295' title='bbox 410 2786 563 2821; x_wconf 86' lang='lat' dir='ltr'>refertur</span> <span class='ocrx_word' id='word_1_296' title='bbox 578 2787 614 2820; x_wconf 88' lang='lat' dir='ltr'>J.</span> <span class='ocrx_word' id='word_1_297' title='bbox 724 2789 763 2820; x_wconf 83' lang='lat'>21</span> <span class='ocrx_word' id='word_1_298' title='bbox 792 2785 987 2832; x_wconf 67' lang='lat' dir='ltr'>imperabis</span> <span class='ocrx_word' id='word_1_299' title='bbox 1006 2785 1060 2827; x_wconf 76' lang='lat'>13¹,</span> <span class='ocrx_word' id='word_1_300' title='bbox 1087 2783 1296 2829; x_wconf 79' lang='lat' dir='ltr'>impetrabis</span> <span class='ocrx_word' id='word_1_301' title='bbox 1314 2783 1394 2817; x_wconf 79' lang='lat' dir='ltr'>B2J.</span> <span class='ocrx_word' id='word_1_302' title='bbox 1484 2787 1519 2816; x_wconf 89' lang='lat' dir='ltr'>et</span> <span class='ocrx_word' id='word_1_303' title='bbox 1536 2787 1571 2817; x_wconf 89' lang='lat' dir='ltr'>te</span> <span class='ocrx_word' id='word_1_304' title='bbox 1589 2783 1625 2817; x_wconf 93' lang='lat' dir='ltr'>J.</span> 
     </span>
     <span class='ocr_line' id='line_1_40' title="bbox 162 2836 1627 2884; baseline -0.004 -8"><span class='ocrx_word' id='word_1_305' title='bbox 162 2844 207 2876; x_wconf 83' lang='lat'>22</span> <span class='ocrx_word' id='word_1_306' title='bbox 232 2853 436 2876; x_wconf 86' lang='lat' dir='ltr'>succensere</span> <span class='ocrx_word' id='word_1_307' title='bbox 452 2843 487 2877; x_wconf 83' lang='lat' dir='ltr'>J.</span> <span class='ocrx_word' id='word_1_308' title='bbox 537 2841 570 2874; x_wconf 88' lang='lat' dir='ltr'>ei</span> <span class='ocrx_word' id='word_1_309' title='bbox 587 2841 623 2874; x_wconf 86' lang='lat' dir='ltr'>J.</span> <span class='ocrx_word' id='word_1_310' title='bbox 674 2844 718 2874; x_wconf 84' lang='lat'>24</span> <span class='ocrx_word' id='word_1_311' title='bbox 742 2841 792 2875; x_wconf 90' lang='lat' dir='ltr'>mi</span> <span class='ocrx_word' id='word_1_312' title='bbox 811 2842 837 2873; x_wconf 90' lang='lat' dir='ltr'>J</span> <span class='ocrx_word' id='word_1_313' title='bbox 861 2841 943 2884; x_wconf 76' lang='lat' dir='ltr'>(last</span> <span class='ocrx_word' id='word_1_314' title='bbox 959 2839 1078 2880; x_wconf 78' lang='lat' dir='ltr'>word).</span> <span class='ocrx_word' id='word_1_315' title='bbox 1129 2842 1172 2872; x_wconf 88' lang='grc'>26</span> <span class='ocrx_word' id='word_1_316' title='bbox 1198 2839 1246 2871; x_wconf 81' lang='lat' dir='ltr'>ini</span> <span class='ocrx_word' id='word_1_317' title='bbox 1265 2839 1300 2872; x_wconf 89' lang='lat' dir='ltr'>J.</span> <span class='ocrx_word' id='word_1_318' title='bbox 1364 2839 1406 2871; x_wconf 86' lang='grc'>27</span> <span class='ocrx_word' id='word_1_319' title='bbox 1432 2837 1542 2882; x_wconf 84' lang='lat' dir='ltr'>gratis</span> <span class='ocrx_word' id='word_1_320' title='bbox 1556 2836 1627 2879; x_wconf 85' lang='lat' dir='ltr'>BJ,</span> 
     </span>
     <span class='ocr_line' id='line_1_41' title="bbox 160 2890 1625 2942; baseline -0.005 -12"><span class='ocrx_word' id='word_1_321' title='bbox 160 2896 287 2942; x_wconf 81' lang='lat' dir='ltr'>gratiis</span> <span class='ocrx_word' id='word_1_322' title='bbox 311 2895 411 2930; x_wconf 79' lang='lat' dir='ltr'>Both.</span> <span class='ocrx_word' id='word_1_323' title='bbox 517 2894 660 2929; x_wconf 78' lang='lat' dir='ltr'>aducito</span> <span class='ocrx_word' id='word_1_324' title='bbox 677 2895 720 2939; x_wconf 93' lang='lat' dir='ltr'>B,</span> <span class='ocrx_word' id='word_1_325' title='bbox 745 2895 790 2929; x_wconf 84' lang='lat' dir='ltr'>ad</span> <span class='ocrx_word' id='word_1_326' title='bbox 813 2895 936 2928; x_wconf 85' lang='lat' dir='ltr'>ducito</span> <span class='ocrx_word' id='word_1_327' title='bbox 953 2893 990 2937; x_wconf 91' lang='lat' dir='ltr'>J,</span> <span class='ocrx_word' id='word_1_328' title='bbox 1015 2893 1138 2926; x_wconf 84' lang='lat' dir='ltr'>ducito</span> <span class='ocrx_word' id='word_1_329' title='bbox 1157 2892 1261 2926; x_wconf 76' lang='lat' dir='ltr'>Lind.</span> <span class='ocrx_word' id='word_1_330' title='bbox 1371 2894 1414 2925; x_wconf 88' lang='grc'>28</span> <span class='ocrx_word' id='word_1_331' title='bbox 1439 2890 1568 2925; x_wconf 82' lang='lat' dir='ltr'>accersi</span> <span class='ocrx_word' id='word_1_332' title='bbox 1587 2890 1625 2925; x_wconf 92' lang='lat' dir='ltr'>J.</span> 
     </span>
     <span class='ocr_line' id='line_1_42' title="bbox 162 2946 1266 2994; baseline -0.005 -9"><span class='ocrx_word' id='word_1_333' title='bbox 162 2952 207 2986; x_wconf 90' lang='grc'>29</span> <span class='ocrx_word' id='word_1_334' title='bbox 234 2949 306 2985; x_wconf 92' lang='lat' dir='ltr'>Vbi</span> <span class='ocrx_word' id='word_1_335' title='bbox 323 2949 408 2985; x_wconf 80' lang='lat' dir='ltr'>estis</span> <span class='ocrx_word' id='word_1_336' title='bbox 425 2960 489 2984; x_wconf 84' lang='lat' dir='ltr'>uos</span> <span class='ocrx_word' id='word_1_337' title='bbox 505 2949 576 2994; x_wconf 90' lang='lat' dir='ltr'>BJ,</span> <span class='ocrx_word' id='word_1_338' title='bbox 600 2949 696 2983; x_wconf 80' lang='lat' dir='ltr'>Heus</span> <span class='ocrx_word' id='word_1_339' title='bbox 709 2948 773 2983; x_wconf 90' lang='lat' dir='ltr'>ubi</span> <span class='ocrx_word' id='word_1_340' title='bbox 790 2948 874 2983; x_wconf 77' lang='lat' dir='ltr'>estis</span> <span class='ocrx_word' id='word_1_341' title='bbox 891 2948 950 2983; x_wconf 87' lang='lat' dir='ltr'>Br.</span> <span class='ocrx_word' id='word_1_342' title='bbox 1047 2946 1214 2981; x_wconf 84' lang='lat' dir='ltr'>accersite</span> <span class='ocrx_word' id='word_1_343' title='bbox 1231 2946 1266 2979; x_wconf 91' lang='lat' dir='ltr'>J.</span> 
     </span>
    </p>
   </div>
  </div>
 </body>
</html>
