1958 3239
38 1057 120 1098 390

141 279 175 310 11
197 269 233 311 3.
255 268 442 322 21—43]
774 276 985 309 CAPPIVI.
1553 271 1607 312 39

475 374 550 415 ΡΗ.
581 374 710 416 Recte
731 373 980 416 conuenisse
1000 373 1146 416 sentio.

254 443 367 483 Nam
387 441 507 496 pater
527 446 724 496 expectat
744 441 820 483 aut
839 456 908 484 me
928 446 1003 483 aut
1023 442 1209 496 aliquem
1231 441 1445 493 mintium,

256 511 341 560 Qui
360 510 460 552 hinc
481 509 535 551 ad
556 523 600 551 se
621 510 776 551 ueniat.

712 579 784 619 TY.
818 568 926 633 Ergo
947 578 1139 619 animum
1159 578 1358 620 aduortas
1378 579 1488 629 uolo,

255 645 374 694 Quae
394 645 591 687 nuntiare
612 645 711 687 111110
732 645 774 687 te
795 646 892 687 uolo
913 646 959 687 in
979 647 1161 700 patriam
1182 646 1236 687 ad
1255 651 1429 700 patrem.

139 714 217 754 PH.
254 713 524 779 Ifhilocrates‚
545 719 594 755 ut
614 713 752 755 adhuc
772 714 961 755 locorum
981 714 1073 763 feci,
1094 714 1247 755 faciam
1268 714 1425 764 sedulo,
1554 717 1608 757 25

255 781 315 822 Vt
333 781 620 835 potissumum
640 782 754 835 quod
774 782 820 822 in
840 795 930 823 rem
950 781 1062 823 recte
1084 782 1292 824 conducat
1312 787 1431 824 tuam

257 835 308 889 id
327 854 470 903 petam
491 849 656 903 semper
675 864 909 904 sequarque
926 848 1047 891 corde
1068 854 1112 892 et
1131 850 1272 891 animo
1294 864 1342 892 ac
1358 851 1530 893 uiribus.

139 917 212 959 TY.
254 917 375 958 Fa'cis
391 917 452 958 ita
464 921 513 958 ut
529 922 571 958 te
584 917 719 959 facere
735 923 922 971 oportet:
950 917 1064 959 1111110
1080 918 1271 959 animum
1287 919 1483 961 aduortas
1500 920 1608 962 uolo.

256 979 460 1027 Omnium
481 985 666 1039 primum
688 986 869 1027 salutem
891 986 1020 1026 dicito
1041 986 1167 1026 matri
1188 985 1231 1027 et
1250 987 1362 1040 patri

255 1045 310 1094 Et
330 1054 518 1107 cognatis
540 1053 582 1094 et
602 1053 639 1095 si
660 1067 787 1107 quem
803 1054 935 1094 alium
955 1053 1281 1095 beneuolentem
1301 1055 1482 1096 uideris:
1554 1057 1608 1098 30

254 1121 327 1162 Me
348 1121 417 1162 hic
438 1121 578 1162 ualere
599 1126 642 1162 et
662 1120 912 1162 seruitutem
929 1120 1085 1162 seruire
1106 1121 1206 1163 huic
1225 1122 1389 1163 homini
1405 1121 1589 1177 optumo,

255 1188 339 1238 Qui
360 1202 428 1230 me
449 1189 605 1230 honore
625 1188 910 1230 honestiorem
931 1188 1096 1243 se'mper
1117 1190 1218 1230 fecit
1239 1189 1281 1231 et
1301 1191 1412 1232 facit.

140 1257 218 1297 PH.
257 1242 373 1298 istuc
395 1270 447 1298 ne
468 1257 710 1311 praecipias,
733 1257 857 1298 facile
878 1256 1080 1298 me'moria
1100 1258 1276 1298 memini
1297 1262 1450 1300 tamen.

140 1325 212 1366 TY.
255 1325 369 1365 Nam
403 1325 596 1378 &quidem
636 1325 720 1366 nisi
754 1325 869 1379 quod
903 1324 1123 1367 custodem
1157 1325 1290 1366 habeo
1325 1326 1507 1368 liberum
1542 1341 1610 1369 me

1003 1407 1093 1434 esse
1114 1393 1301 1434 arbitror.

255 1460 399 1501 Dicito
419 1460 540 1514 patri,
562 1474 645 1514 quo
665 1465 789 1515 pacto
810 1460 918 1501 mihi
939 1475 1036 1502 cum
1057 1461 1136 1502 hoc
1157 1460 1403 1504 conuenerit
1555 1465 1608 1505 35

253 1529 321 1570 De
341 1527 468 1570 huius
490 1527 588 1570 filio.

543 1598 620 1638 PH.
653 1597 770 1647 Quae
792 1597 978 1646 memini,
1000 1596 1116 1638 mora
1136 1602 1293 1639 merast
1311 1598 1530 1640 monerier.

139 1665 211 1705 TY.
253 1649 314 1705 Vt
334 1678 431 1705 eum
447 1664 628 1705 redimat
643 1664 686 1706 ct
705 1665 896 1706 remittat
912 1664 1105 1706 nostrum
1122 1665 1205 1707 huc
1226 1665 1447 1707 amborum
1462 1668 1612 1709 uicem.

142 1733 219 1774 PH.
256 1731 504 1774 Meminero.

467 1801 548 1841 HE.
579 1801 642 1842 At
668 1814 798 1854 quam
823 1801 1032 1855 primum:
1063 1801 1174 1842 istuc
1204 1801 1250 1842 in
1279 1815 1369 1843 rem
1398 1802 1613 1857 utriquest

1003 1869 1211 1911 maxume.

142 1937 211 1977 PH
257 1937 300 1977 N
303 1934 357 1977 011
377 1940 496 1977 tuom
513 1940 562 1977 tu
582 1936 716 1990 magis
737 1936 881 1978 uidere
898 1950 1027 1990 quam
1048 1937 1121 1978 ille
1142 1951 1263 1978 suom
1283 1937 1461 1992 gnatum
1482 1939 1611 1993 cupit.

40 2014 123 2056 400
143 2004 223 2045 HE.
256 2003 381 2046 Meus
402 2004 519 2053 mihi,
541 2017 638 2045 suos
661 2004 888 2058 quoiquest
909 2018 1039 2046 carus.

820 2072 896 2112 Pa.
931 2071 1049 2113 Num
1066 2072 1168 2126 quid
1190 2073 1307 2114 aliud
1328 2073 1393 2115 uis
1414 2075 1527 2128 patri
1556 2075 1612 2116 40

256 2138 461 2181 Nuntiari
477 2141 492 2181 2

371 2209 445 2249 TY.
488 2208 580 2262 [Me
599 2207 669 2249 hic
689 2207 830 2249 ualere
852 2212 895 2249 et
915 2212 1007 2250 tute
1029 2208 1228 2250 audacter
1248 2209 1389 2259 dicito,

257 2275 461 2329 Tyndare,
482 2275 610 2329 inter]
634 2274 722 2317 Nos
743 2276 873 2317 fuisse
893 2275 1062 2330 ingenio
1083 2276 1196 2316 haud
1217 2277 1498 2327 discordzibih]

258 2342 408 2396 Neque
428 2348 471 2384 te
492 2343 774 2384 conmeruisse
795 2343 964 2397 culpam
984 2342 1122 2397 neque
1142 2348 1184 2384 te
1205 2344 1475 2386 aduorsatum
1495 2345 1613 2396 mihi,

191 2489 235 2520 25
260 2485 476 2532 philocrates
510 2485 594 2520 ΡΗῙ.
614 2490 656 2520 ut
679 2486 720 2521 B.
785 2487 815 2521 J
836 2487 868 2521 is
892 2486 1038 2531 illayible
1062 2486 1146 2521 here.
1291 2488 1334 2522 27
1362 2487 1406 2521 Id
1428 2492 1550 2533 petam
1574 2488 1613 2523 id

142 2552 406 2588 persequarque
422 2541 464 2585 B,
490 2541 530 2575 in
547 2541 576 2575 J
598 2541 742 2586 nothing!
760 2541 863 2586 before
888 2542 1191 2588 idpcrsequarque
1214 2541 1245 2576 is
1263 2542 1376 2586 leyibt„
1387 2554 1399 2584 ‚·
1431 2542 1474 2576 Id
1492 2547 1613 2587 petam

143 2608 284 2642 semper
308 2607 507 2642 sequarque
531 2596 591 2630 Br.
794 2602 901 2642 atque
927 2597 1075 2631 auribus
1106 2598 1253 2641 Bnffi),
1278 2603 1386 2641 atque
1411 2597 1552 2631 uiribus
1575 2598 1610 2631 J.

144 2653 190 2685 30
215 2655 251 2685 et
264 2662 373 2696 quem
389 2651 426 2686 J.
610 2653 655 2685 33
680 2651 816 2696 prccias
834 2650 889 2695 B1,
915 2652 1091 2697 precipias
1110 2651 1272 2695 ]›'‘·'D(S).
1461 2652 1613 2686 memini

143 2705 201 2740 ΤΙ.
220 2710 341 2740 tamen
358 2705 395 2739 J.
515 2708 561 2740 34
585 2705 734 2751 quidem
752 2706 821 2749 BJ,
846 2706 1012 2751 equidem
1030 2706 1134 2740 Liml.
1250 2709 1294 2740 36
1320 2717 1419 2740 mora
1436 2718 1493 2741 me
1506 2711 1559 2741 est
1575 2708 1611 2741 J.

144 2763 189 2795 38
214 2761 374 2806 primum
390 2760 525 2806 poteris
542 2760 634 2795 istuc
651 2760 720 2803 BJ,
746 2761 905 2806 primum
925 2761 1017 2795 istuc
1034 2761 1145 2803 Beni„
1162 2761 1264 2794 Lina.
1330 2764 1470 2795 40—46
1487 2773 1543 2795 arc
1560 2762 1613 2795 six

145 2815 242 2858 lines,
264 2815 398 2848 instead
423 2815 462 2859 of
481 2827 575 2849 seven
597 2815 637 2849 in
662 2816 732 2859 BJ‚
759 2816 810 2849 the
837 2816 901 2849 last
928 2815 1034 2849 words
1059 2816 1099 2849 rin
1124 2816 1152 2849 J
1173 2815 1269 2859 beiny
1293 2816 1466 2860 nuntiari,
1491 2815 1612 2859 fuisse,

145 2868 301 2913 culpam,
319 2880 467 2912 morem,
485 2874 531 2912 te,
549 2869 646 2912 sciet,
664 2870 885 2915 respectively.
1029 2872 1075 2904 40
1102 2869 1134 2904 N
1142 2870 1282 2916 unquid
1305 2870 1342 2905 J.
1484 2873 1530 2905 43
1554 2882 1612 2904 me

145 2922 376 2957 aduersatum
394 2923 462 2958 tibi
479 2924 548 2968 BJ,
574 2928 609 2958 te
626 2923 859 2959 aduorsatum
876 2924 967 2958 mihi
993 2924 1052 2959 Br.
